1992 3238
737 203 1132 251 VERGILIANA.
1707 206 1740 259 3
1749 206 1776 256 1

96 343 220 393 ante
253 358 296 392 a.
323 340 393 392 63
423 357 474 408 Ρ.
499 336 623 391 Chr.
647 356 714 406 n.,
752 355 874 391 cum
911 337 1036 390 inde
1077 339 1144 391 ab
1184 338 1287 392 hoc
1324 342 1565 409 tempore
1603 341 1786 411 ignem
1894 376 1897 378 >

96 413 365 482 sepultum
394 412 620 465 Vesuuii
652 426 884 480 oraeque
916 410 1211 464 adiacentis
1246 414 1628 469 resuscitatum
1669 432 1788 467 esse

94 485 409 539 certissimis
458 485 653 555 signis,
706 487 884 537 terrae
939 485 1199 554 motibuS,
1253 490 1590 555 cognossent.
1658 487 1789 541 hinc

92 562 272 612 autem
317 576 488 627 neque
535 561 750 611 mortuo
795 575 971 627 neque
1018 575 1147 610 uero
1196 559 1323 611 uiuo
1372 559 1544 613 adhuc
1585 559 1790 614 Seneca

92 632 361 686 Lucilium
410 647 605 701 poema
648 634 895 684 nostrum
940 630 1132 684 fecisse
1174 631 1472 701 colligitur,
1520 634 1786 703 siquidem

89 706 234 758 illius
289 709 343 758 et
395 705 655 774 epistulas
709 705 941 757 morales
996 707 1051 757 et
1102 705 1378 758 naturales
1433 708 1786 774 quaestiones

89 779 236 832 intra
275 796 445 832 annos
481 778 704 831 62-65
744 778 973 846 scriptas
1013 794 1132 830 esse
1171 781 1418 831 statuunt
1455 780 1547 848 qui
1587 779 1644 831 in
1684 780 1785 833 has

88 869 174 905 res
227 852 570 921 inquisiuere.
643 851 838 920 quibus
893 851 940 904 si
992 851 1235 904 adiecero
1290 851 1558 904 Lucilium
1614 853 1786 905 uideri

86 925 255 978 fuisse
293 925 623 978 imitatorem
662 924 845 977 Ouidii
887 925 1018 990 [nat.
1058 927 1264 993 quaest.
1300 923 1380 977 IV
1419 926 1476 992 2,
1517 926 1593 995 2],
1633 926 1784 979 cuius

88 999 164 1051 rei
203 999 261 1051 in
291 998 471 1051 Aetna
499 999 711 1050 nullum
741 997 1050 1066 uestigium,
1089 998 1249 1066 plane
1281 998 1564 1068 intelleges
1600 1002 1785 1053 actum

87 1090 204 1125 esse
257 1071 323 1124 de
373 1071 727 1125 Wernsdorfii
773 1071 1096 1124 coniectura.
1165 1074 1444 1139 praeterea
1495 1089 1671 1141 neque
1725 1073 1784 1124 in

69 1150 334 1198 'sermone
382 1143 532 1214 (nam
571 1163 599 1197 e
638 1162 695 1197 re
741 1144 966 1197 metrica
1012 1144 1304 1213 quidquam
1351 1145 1484 1198 certi
1535 1145 1781 1199 concludi

85 1235 247 1287 posse
284 1216 451 1302 nego)
496 1219 762 1287 reperitur
804 1218 947 1287 quod
986 1236 1177 1270 aeuum
1218 1216 1527 1271 Neroneum
1567 1219 1784 1286 referat,

87 1309 260 1361 neque
298 1292 357 1344 in
394 1292 554 1344 rebus
595 1292 748 1344 adest
785 1291 929 1360 quod
967 1309 1185 1344 carmen
1222 1295 1463 1360 tempore
1495 1291 1783 1362 Augusteo

86 1382 200 1418 non
239 1365 498 1434 seriptum
531 1383 646 1418 esse
687 1365 1019 1418 demonstret
1051 1363 1203 1432 (nam
1242 1365 1306 1417 de
1345 1365 1676 1434 hydraulicis
1716 1365 1783 1420 cf.

85 1437 283 1492 Munro
327 1457 378 1507 p.
417 1437 528 1509 60).
594 1438 722 1491 huic
775 1438 942 1507 igitur
992 1438 1206 1491 saeculo
1253 1438 1534 1507 Augusteo
1590 1439 1783 1492 adsero

86 1511 297 1564 Aetnae
328 1514 546 1579 poetam
578 1512 842 1581 ignotum.
883 1511 976 1580 qui
1005 1512 1366 1564 uetustiorum
1399 1515 1587 1564 uatum
1613 1513 1782 1564 maxi-

85 1602 276 1654 meque
299 1583 538 1638 Lucretii
561 1585 789 1638 lectione
812 1585 1116 1653 institutus,
1150 1603 1271 1637 cum
1294 1588 1478 1637 tamen
1502 1585 1784 1638 affectaret

84 1659 444 1711 recentiorum
490 1659 820 1729 elegantiam
870 1656 959 1728 (ex
1005 1658 1200 1726 quibus
1240 1657 1543 1728 Vergilium
1595 1677 1782 1728 quam-

95 1748 256 1800 quam
294 1749 417 1784 raro
451 1734 506 1784 et
539 1731 803 1800 pudenter
833 1731 903 1785 ob
936 1732 1119 1785 oculos
1153 1731 1384 1802 habuit),
1422 1750 1615 1800 poema
1651 1732 1785 1785 feeit

87 1803 263 1858 Gratii
301 1803 757 1875 Cynegeticorum
794 1805 907 1858 fere
952 1805 1129 1858 instar
1173 1805 1317 1858 inter
1354 1806 1594 1874 priorum
1638 1806 1783 1858 duri-

91 1882 260 1931 tatem
297 1892 668 1948 nouorumque
704 1879 938 1931 formam
975 1879 1202 1947 politam
1240 1879 1490 1932 medium.
1537 1879 1624 1931 cui
1664 1897 1782 1932 sen-

91 1952 294 2004 tentiae
323 1969 393 2004 ne
426 1952 630 2005 obicias
671 1952 813 2021 quod
846 1949 1061 2016 Seneca,
1102 1953 1229 2021 quia
1262 1953 1320 2004 in
1352 1953 1586 2021 epistula
1618 1970 1784 2021 supra

94 2025 278 2077 adlata
315 2028 563 2077 nostrum
601 2043 795 2094 poema
826 2025 1041 2079 silentio
1081 2026 1355 2095 praeterit,
1392 2025 1512 2078 ideo
1550 2043 1650 2078 nec
1687 2044 1783 2079 no-

88 2099 233 2151 uisse
256 2097 518 2151 uideatur.
570 2116 697 2152 nam
722 2099 1144 2151 clarissimorum
1168 2102 1357 2152 uatum
1379 2099 1439 2151 in
1463 2099 1783 2168 attingenda

86 2171 267 2224 Aetna
299 2170 669 2242 degressiones
701 2174 917 2224 tantum
949 2171 1140 2242 adfert,
1178 2190 1288 2225 non
1320 2190 1506 2225 omnes
1540 2173 1783 2242 quicum

89 2263 192 2313 que
232 2245 295 2297 de
333 2245 545 2314 integro
585 2245 869 2298 materiam
908 2245 1058 2298 illam
1097 2245 1420 2300 tractabant.

238 2311 418 2370 Girin
447 2336 590 2372 nunc
622 2319 768 2372 docti
799 2320 1142 2372 consentiunt
1172 2337 1290 2373 esse
1320 2319 1555 2372 hominis
1588 2320 1782 2390 ignoti,

89 2391 196 2460 qui,
234 2391 329 2443 ubi
368 2391 476 2444 iam
510 2393 690 2446 senior
723 2391 965 2446 Athenas
1004 2393 1061 2445 in
1097 2393 1268 2446 otium
1309 2411 1365 2446 se
1403 2393 1621 2461 recepit,
1662 2410 1780 2462 gra

86 2465 225 2518 111011
256 2464 480 2518 carmini
511 2466 831 2533 praeluserit
855 2464 1064 2550 Scyllae
1095 2466 1340 2520 fabulam
1363 2484 1512 2519 more
1536 2464 1781 2519 Alexan·

87 2537 362 2592 drinorum
401 2539 784 2607 componendo,
846 2558 953 2609 qua
1000 2540 1058 2592 in
1101 2539 1331 2593 materia
1377 2539 1610 2592 fortasse
1649 2538 1779 2593 Par

86 2611 328 2664 thenium
362 2615 636 2666 auctorem
669 2615 883 2666 secutus
915 2645 988 2651 —
1027 2632 1134 2682 qua
1172 2613 1237 2666 de
1267 2631 1326 2665 re
1356 2616 1483 2682 post
1503 2612 1778 2682 Heynium

85 2703 258 2754 nuper
303 2686 600 2755 disputauit
644 2686 708 2739 E.
745 2686 933 2740 Rohde
977 2687 1104 2740 libri
1150 2687 1231 2740 sui
1280 2686 1399 2739 ‘der
1445 2687 1779 2757 griechische

84 2757 324 2812 Roman'
363 2760 609 2829 inscripti
647 2779 698 2829 p.
730 2760 800 2812 93
826 2778 901 2829 sq.
932 2763 1045 2813 not.
1081 2790 1144 2798 —
1186 2763 1469 2830 poetarum
1501 2763 1555 2813 et
1588 2779 1780 2830 aequa-

86 2832 222 2885 lium
270 2835 325 2886 et
370 2837 546 2887 aetate
593 2833 759 2903 paulo
807 2834 1236 2887 antecedentium
1274 2835 1521 2905 uestigiis
1571 2835 1649 2887 ita
1695 2837 1781 2887 est

86 2906 366 2976 ingressus
404 2910 466 2960 ut
505 2926 568 2960 ex
601 2905 803 2961 Catulli
843 2907 1213 2977 sodaliumque
1246 2906 1435 2979 (etiam
1470 2907 1654 2961 coaeui
1693 2907 1780 2960 his
