1992 3238
193 170 302 222 114
582 160 705 214 XVI.
747 165 1059 212 APPENDIX
1089 166 1483 213 VERGILIANA.

196 303 627 371 Cunctanterque
669 302 854 354 eadem
894 305 949 354 et
984 302 1139 371 pigre
1179 304 1437 369 concepta
1474 302 1715 355 remittit.
1791 314 1888 355 415

193 376 308 430 Nec
338 379 520 429 tamen
550 375 654 428 hoc
685 394 809 444 uno,
849 375 991 444 quod
1022 375 1220 428 montis
1252 375 1484 443 plurima
1512 393 1640 443 pars
1672 378 1768 444 est,

193 449 379 502 Vincit
417 451 471 501 et
506 449 722 501 incendi
760 467 980 502 causam
1018 451 1167 501 tenet
1204 448 1330 519 illex!
1356 447 1598 516 profecto

193 522 444 575 Miranda
483 523 566 574 est
602 522 797 590 lapidis
836 522 999 574 uiuax
1038 522 1386 590 animosaque
1427 521 1615 575 uirtus·

195 595 387 650 Cetera
425 595 678 648 materies
719 612 1079 665 quaecumque
1124 598 1206 647 est
1242 594 1439 647 fertilis
1479 594 1620 664 igni,

193 668 272 722 Vt
311 669 478 721 semel
519 686 742 722 accensa
781 672 887 737 est,
925 668 1176 737 moritur,
1214 686 1315 721 nec
1351 670 1523 721 restat
1559 668 1617 719 in
1654 668 1748 720 illa
1799 681 1886 720 420

198 741 354 804 Quod
377 745 590 811 repetas
615 741 849 813 (tantum
875 742 1006 794 cinis
1032 743 1086 793 et
1117 742 1231 794 sine
1254 742 1456 794 semine
1478 744 1623 795 terra
1647 739 1775 812 est):

194 815 300 869 Hic
333 816 498 869 semel
531 818 690 885 atque
722 817 917 868 iterum
948 814 1163 882 patiens
1190 833 1251 867 ac
1274 815 1422 867 mille
1445 814 1752 886 perhaustis

196 890 422 960 Ignibus
461 889 731 942 instaurat
767 888 909 941 uires
948 906 1049 941 nec
1088 887 1286 940 desinit
1326 891 1451 940 ante

164 962 370 1025 ‘Quam
408 963 545 1015 leuis
586 964 803 1015 excocto
846 961 1039 1014 defecit
1075 961 1269 1014 robore
1307 979 1530 1030 pumex:

196 1036 263 1090 In
302 1037 535 1089 cinerem
572 1039 861 1104 putresque
901 1035 1042 1087 iacet
1081 1035 1321 1104 dilapsus
1359 1035 1606 1088 harenas,
1801 1047 1887 1087 425

272 1107 442 1163 Cerne
481 1107 687 1161 Vesuui
726 1110 888 1161 etiam
930 1108 1135 1161 similes
1177 1109 1372 1161 arsisse
1412 1126 1696 1162 cauernas:

197 1183 319 1236 Illic
357 1183 616 1235 materiae
655 1182 930 1250 pascentis
967 1181 1124 1250 copia
1163 1182 1358 1251 maior,

199 1255 302 1309 Sed
343 1272 514 1324 genus
553 1256 657 1309 hoc
696 1255 892 1324 lapidis
934 1255 1256 1324 (certissima
1296 1256 1455 1324 signa
1494 1253 1714 1325 coloris)

201 1330 354 1392 Quod
395 1330 573 1382 nullas
614 1329 857 1382 adiunxit
896 1347 1024 1397 opes
1034 1370 1048 1398 ,
1089 1329 1335 1399 elanguit
1371 1329 1529 1398 ignis,

201 1403 413 1456 Dicitur
450 1403 659 1456 insidiis
698 1403 957 1472 flagrasse
996 1401 1232 1455 Aenaria
1271 1403 1562 1472 quondam,
1806 1414 1892 1455 430

199 1476 359 1530 Nunc
400 1477 637 1529 extincta
676 1479 870 1545 stupet.
933 1476 1192 1545 testisque
1231 1475 1500 1545 Neapolin
1537 1477 1678 1529 inter

200 1550 275 1603 Et
314 1549 512 1603 Cumas
549 1551 697 1603 locus
738 1552 842 1619 est,
882 1550 1065 1602 multis
1106 1550 1214 1602 iam
1253 1549 1482 1619 frigidus
1524 1551 1703 1619 annm,

208 1623 465 1686 Quamuis
507 1626 783 1676 aeternum
823 1623 1013 1693 pingui
1052 1626 1224 1676 scatet
1262 1624 1423 1675 ubere
1465 1623 1707 1692 sulphur:

204 1697 272 1750 In
310 1716 542 1751 mercem
582 1697 804 1767 legitur3
844 1699 998 1750 tanto
1040 1700 1122 1750 est
1160 1696 1437 1750 fecundius
1476 1696 1699 1749 Aetnae.

324 1890 411 1930 415
434 1886 567 1943 pigre
592 1891 640 1928 c:
673 1885 812 1943 pigra
833 1889 876 1927 H
906 1884 1041 1941 nigra
1066 1897 1093 1931 ς
1119 1886 1126 1940 Ι
1155 1887 1381 1942 concepta
1407 1886 1606 1929 Munro:
1641 1885 1806 1942 coepta
1829 1890 1898 1932 ος
1963 1888 1966 1890 ’

210 1947 342 2002 cepte
374 1949 416 1987 H
453 1946 679 2001 pigreque
712 1946 905 2001 accepta
937 1944 1058 1988 Itali
1099 1942 1106 2002 Ι
1146 1944 1357 1989 remittet
1386 1948 1428 1987 Η
1457 1945 1473 2000 ΙΙ
1502 1950 1588 1989 417
1620 1944 1789 1988 Vincet
1818 1947 1861 1985 Η
1888 1941 1894 2001 Ι

209 2005 296 2049 illa
321 2005 442 2048 Itali
463 2005 479 2061 ΙΙ
502 2007 587 2047 418
619 2003 791 2060 lapidis
822 2004 879 2047 A.
906 2004 958 2047 de
981 2002 1133 2060 Rooy:
1166 2003 1377 2060 lapidum
1403 2007 1433 2045 0
1458 2004 1474 2060 ΙΙ
1497 2008 1582 2048 419
1614 2000 1807 2047 Caetera
1830 2007 1858 2044 c
1884 2003 1897 2059 ΙΙ

207 2068 294 2107 422
327 2063 415 2107 Hic
447 2064 542 2107 edd.
581 2067 698 2107 ant:
740 2062 816 2107 Sic
847 2066 927 2105 (ΣΗ
960 2062 1007 2106 Si
1041 2074 1068 2108 ς
1110 2062 1117 2118 Ι
1159 2064 1209 2106 at
1238 2066 1280 2105 Η
1315 2066 1319 2116 Ι
1354 2061 1581 2118 peraustis
1611 2063 1664 2106 in
1694 2060 1897 2118 perustis

205 2135 319 2167 corr.
361 2125 423 2176 113
471 2123 688 2178 perustus
730 2121 1068 2176 Wernsdorfe'us
1110 2121 1126 2177 ΙΙ
1171 2125 1259 2164 424
1299 2120 1504 2165 defectus
1544 2123 1645 2176 (aut
1675 2119 1896 2175 defaecis)

206 2181 414 2237 Scaliyer
436 2180 452 2236 ΙΙ
475 2184 560 2224 425
594 2179 802 2236 dilapsus
834 2179 1059 2235 Scaliyer:
1101 2179 1318 2236 delapsus
1353 2184 1383 2222 0
1419 2181 1425 2236 Ι
1458 2179 1701 2236 putrisque
1735 2180 1820 2236 (ita
1853 2179 1898 2234 ς)

206 2265 263 2272 —-
306 2239 482 2283 harena
518 2240 717 2283 Iacobus
762 2239 778 2295 ΙΙ
823 2244 910 2283 426
949 2237 1092 2282 Cerne
1124 2237 1299 2282 Vesuui
1338 2239 1479 2283 etiam
1517 2239 1703 2294 scripsi:
1752 2236 1898 2281 Cerne

209 2298 325 2343 locis
353 2298 496 2342 etiam
522 2302 552 2340 0
587 2297 732 2342 Cerne
758 2297 899 2341 etiam
925 2297 1072 2341 Nolae
1096 2296 1294 2341 Iacobus
1326 2297 1372 2341 C.
1398 2298 1429 2343 1.
1455 2297 1598 2341 etiam
1621 2297 1695 2341 his
1719 2297 1899 2340 Munro

210 2358 363 2401 Nolae
396 2356 486 2401 scis
518 2357 660 2401 etiam
692 2356 930 2414 Sauppius
958 2359 964 2411 Ι
992 2355 1157 2400 arsisse
1188 2360 1230 2398 Η
1260 2371 1316 2400 m.
1350 2361 1404 2402 2:
1444 2357 1620 2400 adsisse
1651 2360 1694 2398 H
1725 2354 1898 2399 adsiste

210 2422 237 2459 c
289 2415 489 2460 adscisse
523 2428 549 2462 ς
595 2418 610 2472 ΙΙ
655 2420 740 2460 427
780 2415 1013 2472 pascentis
1048 2415 1350 2459 Schraderus:
1401 2415 1634 2459 nascentis
1667 2419 1697 2456 0
1746 2413 1900 2471 (copia

209 2474 359 2519 maior
400 2475 635 2519 nascentis
673 2475 734 2531 H)
779 2476 795 2532 ΙΙ
841 2479 926 2519 429
967 2474 1148 2518 adiuxit
1186 2478 1227 2516 Η
1278 2476 1283 2531 Ι
1334 2473 1543 2531 elanguit
1581 2474 1803 2518 Iacobus:
1852 2473 1900 2515 et

209 2534 393 2590 languit
417 2538 447 2576 0
484 2534 739 2592 (eclangnit
763 2533 806 2590 ,9)
831 2534 846 2590 ΙΙ
869 2539 956 2578 430
980 2533 1165 2577 indiciis
1189 2533 1395 2589 Scaliyer
1419 2534 1525 2589 (quo
1549 2537 1727 2588 accepto
1751 2531 1900 2575 Disci-

206 2594 283 2636 tur
314 2593 371 2636 A.
399 2594 453 2636 de
476 2593 623 2650 Rooy)
654 2596 659 2648 Ι
686 2594 903 2650 flagrasse
938 2593 1283 2648 Wesseliiiqius:
1315 2592 1516 2648 flagrans
1542 2596 1572 2633 0
1601 2594 1607 2647 Ι
1637 2604 1802 2635 enarea
1833 2594 1862 2631 c
1885 2588 1901 2647 ΙΙ

208 2656 292 2695 431
330 2653 487 2706 stupet
527 2652 884 2706 Wernsdorfius:
921 2666 1058 2708 super
1092 2655 1122 2693 0
1151 2651 1157 2708 Ι
1184 2651 1408 2706 testisque
1441 2656 1491 2694 G:
1522 2650 1754 2704 tectisque
1785 2651 1864 2694 115
1891 2648 1897 2707 Ι

209 2709 417 2765 neapolis
449 2714 527 2756 115
572 2715 588 2766 ΙΙ
633 2716 719 2755 432
751 2711 880 2755 locus
921 2713 994 2755 est
1022 2714 1064 2752 H
1105 2725 1160 2755 m.
1194 2715 1250 2756 2:
1300 2710 1429 2754 locus
1470 2711 1517 2753 et
1549 2714 1576 2751 c
1622 2708 1752 2752 locus
1784 2710 1896 2763 ΗςΙ

210 2768 342 2812 annis
386 2769 484 2824 (sic)
516 2773 558 2810 Η
603 2771 618 2824 ΙΙ
663 2774 749 2813 433
781 2769 946 2826 pingui
987 2771 1135 2814 scatet
1165 2769 1386 2813 Ellisius:
1433 2768 1709 2824 pinguescat
1743 2767 1791 2810 et
1822 2768 1900 2807 (ΣΗ
1991 2794 1992 2814 Ι

207 2843 254 2884 p.
287 2841 342 2871 ex
367 2839 394 2874 5
423 2842 468 2883 Ρ.
500 2828 558 2871 ab
584 2829 704 2871 Itali
727 2830 742 2884 ΙΙ
765 2833 853 2872 434
885 2831 991 2873 etne
1015 2832 1057 2871 Η
1089 2828 1286 2873 aethnae
1312 2840 1361 2874 5:
1402 2826 1575 2870 aethna
1599 2831 1626 2868 c
1659 2823 1898 2869 fecundior

210 2888 367 2933 Aetna
407 2886 581 2933 Vlitius
613 2889 751 2943 (unde
781 2889 966 2931 tantum
998 2889 1087 2943 est3
1120 2886 1362 2932 fecundior
1392 2886 1545 2930 Aetna
1577 2885 1792 2940 Iacobus)

1583 3012 1613 3028 β
