1992 3238
192 235 263 287 36
798 231 918 277 XVI.
960 231 1269 278 APPENDIX

197 365 559 435 ecatalepton'
609 366 695 432 [cf.
745 385 906 436 supra
944 386 996 436 p.
1034 367 1091 434 4]
1137 368 1415 436 praebent.
1477 368 1668 421 melius
1713 368 1882 438 igitur

196 442 365 494 multo
405 440 645 493 stabilita
678 443 761 493 est
797 440 973 493 forma
1006 439 1385 509 catalepton'.
1428 459 1592 509 quam
1614 441 1881 512 Bergln‘us

199 516 353 580 [mus.
400 512 571 567 Rhen
617 512 721 566 XX
769 532 820 582 p.
868 514 998 580 291]
1055 514 1312 567 accersita
1367 531 1561 584 graeca
1611 515 1882 568 locutione

196 582 334 640 κατὰ
366 583 569 639 λεπτόν
599 589 794 640 tuetur.
851 605 986 656 quae
1017 587 1391 656 interpretatio
1425 605 1546 640 cum
1586 588 1713 640 olim
1750 588 1884 640 1111111

202 660 534 728 displiceret,
570 661 684 729 ipse
725 660 1006 726 [FleckeiS.
1031 678 1154 713 ann.
1182 661 1324 714 1875
1347 680 1400 730 p.
1428 661 1556 727 142]
1599 659 1884 730 Catalepta

195 734 377 803 potius
418 732 743 787 Graecorum
781 731 1112 786 κατάλειπτα
1159 752 1276 787 esse
1325 735 1610 802 opinabar,
1657 734 1884 788 indicari

198 810 378 861 autem
415 807 655 860 carmina
686 825 717 859 a
748 806 993 877 Vergilio
1024 807 1210 860 relicta
1246 811 1299 859 et
1337 810 1462 876 post
1500 808 1613 860 eius
1652 810 1882 860 mortem

198 881 355 934 edita.
395 880 751 950 impugnabat
773 881 876 934 hoc
900 881 957 932 in
981 879 1240 933 Fleckeis.
1265 898 1385 933 ann.
1407 881 1549 934 1876
1573 899 1624 949 p.
1643 881 1752 934 429
1772 899 1884 951 sqq

200 954 471 1007 Robertus
520 952 797 1023 Unger-us,
843 955 927 1007 uir
973 954 1336 1023 doctissimae,
1384 954 1474 1023 qui
1513 953 1748 1043 Bergkio
1795 955 1884 1007 ad·
1961 949 1973 959 ⁰

200 1028 486 1096 stipulatus
526 1028 893 1096 compluribus
934 1028 1191 1098 exemplis
1232 1027 1607 1096 comprobauit
1644 1024 1711 1080 τὰ
1747 1025 1884 1080 κατὰ

197 1097 399 1154 λεπτόν
438 1101 547 1153 fere
588 1101 826 1154 carmina
864 1101 1073 1154 minora
1113 1101 1432 1171 significare.

346 1174 413 1226 In
452 1174 591 1227 hanc
629 1173 849 1244 Bergkii
892 1173 1198 1244 Unger-ique
1238 1175 1560 1227 sententiam
1601 1175 1703 1228 etsi
1740 1193 1883 1228 nunc

199 1248 314 1316 ipse
367 1250 610 1311 transeO,
662 1248 874 1317 integer
926 1251 1110 1300 tamen
1155 1251 1340 1301 manet
1387 1249 1670 1316 scrupulus
1717 1249 1775 1301 in
1821 1266 1883 1302 eo

199 1321 428 1390 positus,
460 1320 602 1389 quod
627 1338 719 1373 cur
741 1321 839 1374 illa
861 1320 992 1374 XIV
1022 1321 1294 1390 poematia
1324 1321 1545 1374 titulum
1577 1322 1887 1391 catalepton

200 1397 392 1465 gerant
427 1411 536 1447 non
574 1394 651 1446 ita
689 1395 869 1447 claret.
914 1394 1020 1448 toti
1050 1395 1231 1463 potius
1260 1394 1887 1465 pseudouergilianorum

201 1467 507 1521 collectioni
538 1485 660 1520 eum
692 1468 1158 1521 adcommodatum
1190 1486 1308 1521 esse
1338 1467 1666 1521 Ribbeckius
1699 1468 1888 1538 [praef.

200 1561 252 1611 p.
292 1542 326 1594 5
351 1543 450 1611 sq.]
490 1541 625 1593 bene
664 1542 956 1595 contendit.
1019 1541 1160 1595 hanc
1198 1542 1585 1610 coniecturam,
1631 1542 1690 1594 in
1729 1560 1891 1612 quam

204 1618 258 1668 et
309 1616 426 1699 ipse
480 1632 599 1667 mea
654 1618 846 1682 sponte
907 1615 1093 1683 incidi,
1154 1615 1455 1668 rationibus
1510 1584 1697 1668 fulcire
1750 1633 1893 1669 nunc

206 1689 510 1757 suscipiam.
557 1691 764 1741 ueteres
803 1691 971 1742 testes
1011 1657 1133 1756 du'o,
1172 1689 1263 1757 qui
1300 1688 1434 1742 haec
1466 1687 1746 1742 Catalecta
1778 1689 1892 1742 siue

205 1760 490 1830 Catalepta
520 1762 705 1831 citant,
743 1763 903 1831 longe
943 1763 1050 1815 alia
1081 1765 1305 1815 utuntur
1336 1762 1711 1831 appellatione.
1765 1781 1894 1816 nam

205 1839 260 1888 et
298 1835 662 1898 Quintilianus
712 1835 868 1903 [VIII
908 1836 965 1905 3,
1004 1837 1124 1905 27],
1170 1839 1457 1905 postquam
1504 1854 1546 1890 c.
1584 1835 1640 1888 II
1685 1836 1743 1889 in
1790 1836 1896 1889 dis·

205 1909 564 1978 ceptationem
603 1910 839 1977 uocauit,
886 1910 1067 1980 pergit
1112 1926 1203 1962 nec
1246 1911 1421 1963 minus
1457 1914 1575 1962 noto
1614 1907 1895 1963 Sallustius

205 1984 653 2051 epiyrammate
697 1986 752 2035 et
795 1981 1001 2036 Marius
1047 1982 1362 2037 Victorinus
1410 1985 1483 2052 [p.
1527 1983 1629 2035 137
1674 1983 1763 2050 K]
1810 1983 1895 2035 his

205 2056 377 2109 utitur
435 2057 615 2109 uerbis
680 2057 934 2125 Verqilius
985 2057 1202 2110 iambico
1264 2057 1718 2126 epiyrammate.
1787 2057 1896 2109 iam

207 2130 330 2182 uide
377 2129 512 2182 1111111
560 2130 788 2182 alteram
833 2148 948 2183 rem
988 2148 1118 2183 sane
1157 2130 1474 2183 mirandam.
1536 2133 1715 2183 cetera
1754 2130 1896 2183 enim

210 2204 468 2272 opuscula
507 2221 538 2255 a
571 2201 830 2256 Suetonio
871 2206 925 2256 et
956 2202 1141 2256 Seruio
1175 2205 1594 2256 commemorata
1631 2202 1896 2272 hodieque

207 2277 365 2329 nobis
405 2276 600 2329 adsunt
640 2277 836 2344 omnia,
876 2277 991 2330 sola
1021 2279 1228 2329 restant
1259 2277 1654 2346 epigrammata
1685 2278 1752 2330 ab
1790 2277 1897 2329 illis

211 2350 404 2403 adlata.
467 2368 601 2419 quae
656 2319 896 2403 Naekius
952 2369 1178 2420 eumque
1243 2351 1410 2403 secuti
1466 2351 1556 2403 alii
1609 2351 1898 2403 uoluerunt

210 2442 325 2477 esse
362 2427 495 2476 nota
533 2423 628 2476 illa
667 2423 825 2477 Nocte
853 2424 997 2491 pluit
1033 2428 1137 2477 tota
1176 2426 1230 2477 et
1268 2424 1385 2477 Hos
1414 2441 1500 2492 eqo
1530 2424 1806 2477 uersiculos
1844 2427 1898 2476 et

209 2498 389 2550 Monte
438 2497 530 2551 sub
575 2497 666 2550 hoc
711 2498 945 2566 lapidum
991 2501 1273 2567 ceteraque
1319 2497 1480 2550 huius
1530 2496 1690 2551 modi.
1753 2496 1898 2566 quod

211 2573 272 2622 ut
303 2571 542 2623 refutant
574 2569 859 2624 Suetonius
893 2569 1231 2641 Seruiusque,
1270 2572 1361 2640 qui
1391 2571 1485 2623 ubi
1514 2571 1617 2624 hoc
1647 2571 1899 2623 ultimum

210 2644 391 2698 Monte
427 2645 519 2697 suh
556 2644 646 2697 hoc
685 2663 716 2697 a
754 2662 919 2713 puero
952 2644 1195 2715 Vergilio
1234 2645 1412 2698 lusum
1451 2645 1793 2713 protulerunt
1832 2644 1900 2696 ad

211 2717 586 2770 collectionem
631 2721 875 2771 nostram
922 2718 1348 2772 adumbrandam
1393 2720 1677 2771 transeunt
1715 2718 1898 2771 uerbis

210 2792 390 2843 deinde
443 2794 496 2843 et
546 2792 751 2858 sorz'pSit
795 2793 949 2846 etiam
1002 2793 1198 2846 iterum
1252 2793 1703 2862 epigrammatum
1758 2791 1899 2844 facta

214 2865 510 2931 mentione,
563 2864 640 2916 ita
693 2865 911 2918 illorum
959 2867 1175 2936 quidem
1220 2865 1607 2918 uersiculorum
1654 2865 1710 2917 in
1757 2864 1898 2917 codi-

213 2938 363 2990 cibus
413 2939 647 3007 sylloges
693 2941 874 3007 partes
930 2940 1062 2992 duas
1111 2939 1514 2993 continentibus
1560 2938 1768 2991 nullum
1822 2939 1900 2990 in-
