1992 3238
853 167 908 212 V.
952 166 1122 212 CIRIS.
1731 166 1834 218 157

146 301 233 354 Sic
271 302 414 352 inter
454 317 569 352 sese
607 299 786 351 {aristis
824 298 1118 353 1131133θὴ03
1158 301 1266 353 iras

143 374 220 427 Et
259 373 385 426 ciris
424 372 651 425 memori
691 375 910 425 seruant
949 372 1018 424 ad
1056 373 1271 425 saecula
1307 373 1437 427 fato.

145 447 491 515 Quacumque
530 445 628 498 illa
664 446 840 498 leuem
876 444 1091 515 fugiens
1131 449 1277 499 secat
1316 447 1535 500 aethera
1571 447 1753 516 pinnis
1762 489 1776 516 ,

142 519 283 574 Ecce
322 519 571 572 inimicus
611 522 767 572 atrox
805 535 1004 588 magno
1045 518 1272 571 stridore
1311 538 1408 589 per
1447 539 1605 573 auras

143 593 452 662 Insequitur
489 591 679 661 Nisus3
717 610 823 661 qua
863 610 918 644 se
956 591 1064 644 ferfi
1100 589 1268 644 Nisus
1307 593 1375 645 ad
1413 612 1592 662 auraS,
1750 606 1835 646 540

143 666 247 719 Illa
285 667 461 719 leuem
498 665 715 735 fugiens
754 665 954 735 raptim
994 668 1142 719 secat
1181 664 1397 718 aethera
1434 667 1628 735 pinnis,

145 853 353 898 orionem
383 859 415 896 1.
439 855 455 910 ΙΙ
479 858 563 899 532
596 867 861 909 se333se
894 855 1090 909 (erasum
1117 852 1261 909 tristi)
1293 857 1327 896 B
1354 854 1362 909 Ι
1387 853 1546 898 tristes
1577 859 1609 896 1.
1638 855 1644 909 1
1672 854 1838 921 aliejzos

144 917 231 955 ΒΗ
262 912 463 957 31131-,1103
494 917 552 957 A:
585 913 784 958 aliethes
814 917 854 955 R
884 913 1085 957 aliethus
1118 917 1150 954 L
1177 914 1184 969 1
1210 913 1261 956 in
1290 911 1385 957 iras
1409 915 1536 955 ΔΕΒ
1565 914 1581 970 ΙΙ
1612 917 1696 957 537
1732 912 1838 956 ciris

145 975 237 1015 Ba.
271 971 424 1016 ciricis
447 975 536 1014 ΔΗ
564 971 728 1028 cyricis
751 976 832 1014 ΕΒ
858 974 864 1028 Ι
889 973 1011 1017 inter
1031 971 1229 1016 memori
1243 975 1285 1016 et
1309 973 1497 1016 seruant
1518 975 1734 1028 quattuor
1748 972 1841 1025 fere

146 1031 233 1075 litt.
265 1044 423 1075 erasae
452 1032 506 1075 in
534 1034 569 1073 B
612 1034 618 1085 Ι
662 1044 851 1075 seruans
883 1036 915 1073 1.
958 1030 964 1088 Ι
1007 1031 1170 1075 sedula
1199 1033 1238 1073 A
1277 1031 1410 1086 (corr.
1442 1032 1486 1087 a)
1517 1034 1556 1072 B
1597 1032 1604 1088 Ι
1644 1030 1769 1075 facto
1802 1033 1840 1072 A

148 1090 281 1145 (corr.
314 1092 360 1146 3)
391 1093 430 1131 Β
459 1089 586 1134 facta
608 1094 650 1132 11
673 1090 688 1145 ΙΙ
711 1093 798 1134 538
830 1090 979 1148 secat]
1010 1090 1059 1134 in
1082 1094 1115 1131 Ι,
1142 1091 1149 1145 l
1178 1103 1286 1134 aera
1309 1092 1396 1132 AB.
1422 1091 1429 1144 Ι
1455 1088 1625 1146 pinnus
1657 1088 1840 1146 (pennis

144 1161 375 1204 suprascr.
414 1162 472 1194 m.
511 1151 564 1204 2)
603 1152 645 1190 Η
690 1163 855 1215 penms
901 1152 1071 1191 BALR
1122 1150 1138 1205 ΙΙ
1191 1152 1277 1192 540
1315 1148 1443 1192 uisus
1479 1151 1513 1190 B
1559 1163 1615 1194 m.
1655 1153 1707 1205 1,
1752 1151 1795 1190 Η
1823 1147 1840 1206 ΙΙ

146 1210 231 1250 541
272 1220 381 1251 aera
418 1210 503 1249 AB
540 1208 548 1265 Ι
584 1207 741 1264 pinnis
771 1211 833 1251 H:
873 1209 1038 1264 pennis
1075 1211 1244 1250 BALB.
1277 1208 1294 1263 ΙΙ
1327 1207 1377 1252 Ρ.
1409 1206 1599 1264 Virgilii
1634 1183 1840 1252 Maronis

147 1264 279 1323 Cyris
311 1265 414 1311 finit
446 1267 533 1313 litt.
563 1267 751 1312 maiusc.
783 1271 823 1309 B.
855 1266 892 1312 Ο
924 1266 1051 1312 fenix
1081 1270 1124 1309 Η
1152 1267 1456 1312 subscribunt.
