1992 3238
200 190 274 242 94
589 186 709 231 XVI.
749 184 1063 230 APPENDIX
1093 184 1488 230 VERGILIANA.

200 322 268 374 In
306 338 433 374 uero
474 321 608 373 mihi
648 338 794 373 cura:
835 337 1026 372 canam
1064 337 1169 388 quo
1208 319 1418 371 feruida
1456 322 1607 372 motu

199 395 429 447 Aestuet
466 394 646 446 Aetna
683 410 960 461 nouosque
998 411 1166 461 rapax
1205 392 1310 445 sibi
1350 395 1607 462 congerat
1644 393 1816 463 ignes.

277 467 621 535 Quacumque
659 466 936 519 inmensus
977 484 1033 518 se
1071 469 1248 518 terrae
1287 465 1523 534 porrigit
1561 466 1708 520 orbis

198 540 546 608 Extremique
584 541 750 592 maris
791 539 968 592 curuis
1007 539 1303 608 incingitur
1339 538 1520 607 undis,
1589 583 1592 585 .
1829 553 1885 594 95

197 612 325 666 Non
355 616 532 666 totum
564 617 618 665 et
650 613 880 666 solidum
913 616 1016 680 est3
1049 611 1216 664 distat
1246 629 1477 680 namque
1510 613 1687 665 omnis
1718 613 1887 684 hiatu,

199 684 356 739 Secta
395 690 477 739 est
516 687 690 740 omnis
731 686 926 738 humus
965 685 1284 754 penitusque
1324 688 1518 738 cauata
1554 686 1777 740 latebris

196 754 398 813 Exiles'
425 778 687 829 suspensa
726 759 843 812 uias
885 759 1015 827 agit.
1076 761 1240 826 utque
1280 759 1571 812 animantis

196 831 299 886 Per
337 835 455 887 tota
493 836 735 886 errantes
775 834 1092 900 percurrunt
1131 849 1357 900 corpora
1395 849 1585 901 uenae,

195 906 283 958 Ad
322 906 492 959 uitam
533 907 752 976 sanguis
794 905 968 958 omnis
1008 923 1112 973 qua
1151 905 1350 957 circum
1391 908 1479 958 eat
1518 907 1687 958 artus:
1799 920 1883 960 100

196 979 364 1032 Terra
401 981 749 1049 uoraginibus
790 981 1076 1047 conceptas
1116 978 1316 1048 digerit
1355 997 1528 1031 auras,

197 1052 411 1106 Scilicet
449 1053 551 1106 hoc
592 1054 720 1105 olim
760 1053 935 1104 diuiso
976 1069 1198 1120 corpore
1236 1052 1422 1104 mundi

196 1125 262 1178 In
299 1126 471 1178 maria
511 1144 572 1178 ac
610 1130 784 1178 terras
826 1128 880 1178 et
918 1125 1113 1194 sidera,
1154 1143 1268 1178 sors
1310 1125 1437 1178 data
1476 1126 1623 1179 caelo

194 1198 398 1268 Prima,
438 1196 620 1252 secuta
659 1200 845 1267 Μῆτίς,
886 1198 1198 1268 deseditque
1235 1199 1423 1251 infima
1460 1199 1648 1268 tellus,

195 1270 298 1324 Sed
336 1273 498 1325 tortis
536 1274 738 1326 rimosa
777 1273 940 1326 cauis,
996 1276 1050 1324 et
1087 1272 1261 1341 qualis
1302 1290 1523 1326 aceruus
1802 1286 1884 1326 105

192 1345 361 1398 Exilit
397 1347 676 1414 inparibus
715 1346 872 1399 iactis
914 1363 979 1398 ex
1016 1349 1256 1414 tempore
1298 1346 1440 1399 saxis
1449 1388 1465 1415 ,

192 1418 270 1471 Vt
308 1420 494 1473 crebro
534 1421 802 1472 introrsus
844 1420 1022 1487 spatio
1062 1422 1294 1472 uacuata
1334 1419 1620 1487 charybdis

311 1553 366 1593 93
398 1549 567 1594 Estuat
596 1554 638 1592 Η
681 1552 687 1606 Ι
730 1551 984 1606 congregat
1016 1554 1042 1591 S
1081 1549 1096 1606 ΙΙ
1136 1553 1192 1594 95
1224 1549 1345 1595 Estr.
1377 1553 1419 1591 Η
1461 1550 1468 1604 Ι
1509 1548 1764 1615 incingitur
1795 1554 1879 1592 cs:

190 1608 267 1652 hic
297 1606 444 1664 igitur
473 1612 515 1651 Η
552 1610 567 1665 ΙΙ
608 1613 664 1653 96
695 1608 802 1652 Non
832 1609 885 1652 in
916 1608 1039 1652 Nam
1077 1623 1134 1652 m.
1167 1612 1200 1654 2
1233 1621 1348 1653 corr.
1379 1611 1422 1650 Η
1455 1609 1463 1663 Ι
1498 1608 1546 1652 et
1577 1607 1779 1652 sohdum
1809 1609 1883 1653 est

192 1667 412 1711 Iacobus:
446 1668 496 1711 et
518 1667 668 1712 solido
694 1672 758 1710 cs
790 1669 839 1711 et
869 1667 1068 1711 solidum
1092 1670 1177 1714 Ης
1209 1668 1281 1712 est
1311 1666 1512 1711 solidum
1536 1668 1674 1724 uulyo
1702 1670 1708 1722 Ι
1737 1667 1883 1712 distat

189 1727 375 1782 scripsi:
410 1725 579 1770 desunt
611 1731 715 1773 css
747 1726 920 1770 desinit
949 1729 991 1768 Η
1030 1726 1141 1770 defit
1173 1726 1294 1772 Itali
1320 1731 1326 1782 Ι
1352 1725 1510 1770 hiatus
1541 1729 1621 1773 Ης
1650 1727 1666 1783 ΙΙ
1697 1731 1754 1771 97
1788 1726 1882 1784 est]

191 1798 239 1829 es
270 1789 312 1827 Η
342 1799 398 1828 m.
431 1789 457 1828 1
504 1786 520 1841 ΙΙ
566 1789 622 1829 98
655 1798 899 1842 suspensas
929 1788 972 1827 Η
1014 1788 1020 1840 Ι
1063 1784 1164 1842 agit
1202 1786 1347 1841 utque
1377 1785 1538 1842 uulqo:
1579 1785 1780 1841 agiturq3
1816 1789 1882 1828 cs

194 1844 296 1900 agit
326 1843 466 1900 inque
498 1848 581 1891 Ης
622 1850 628 1900 Ι
671 1845 922 1889 animantis
954 1844 1114 1900 uulgo:
1147 1844 1375 1888 animanti
1406 1847 1437 1886 0
1476 1845 1491 1900 ΙΙ
1530 1847 1586 1888 99
1618 1843 1882 1888 discurrunt

191 1902 497 1947 Bormamius
534 1905 812 1959 procurrunt
848 1904 993 1948 alium
1032 1904 1212 1947 doctum
1250 1903 1485 1947 coniecisse
1522 1903 1659 1957 refert
1698 1902 1881 1947 Werns-

194 1963 368 2017 dorfius
413 1962 429 2017 ΙΙ
477 1966 561 2006 100
606 1962 680 2005 Ad
725 1964 875 2007 uitam
915 1965 946 2004 0
995 1963 1154 2019 (quode
1198 1966 1314 2006 recte
1359 1963 1416 2017 cf.
1461 1961 1602 2007 Lucr.
1650 1961 1717 2005 ΙΠ
1756 1964 1879 2018 397):

190 2020 411 2076 Dantque
441 2020 568 2065 uiam
600 2021 842 2077 Hauptius
882 2024 890 2075 Ι
932 2034 973 2066 o.
1007 2035 1050 2077 q.
1084 2021 1258 2065 circum
1290 2022 1368 2065 eat
1396 2021 1582 2076 scripsi:
1624 2034 1664 2066 o,
1698 2035 1740 2076 q.
1775 2034 1882 2065 cum

190 2082 319 2123 meat
350 2084 415 2122 cs
445 2092 485 2124 o.
520 2094 564 2136 q.
597 2082 781 2124 comeat
809 2084 888 2126 Ης
920 2093 960 2124 o.
995 2094 1037 2135 q.
1071 2080 1303 2124 commeat
1334 2092 1361 2126 ς
1400 2094 1440 2134 q.
1472 2092 1513 2123 o.
1546 2077 1720 2123 circum
1751 2081 1880 2123 meat

190 2139 393 2183 Iacobus
417 2151 458 2182 o.
484 2153 526 2194 q.
554 2141 787 2183 commeet
808 2139 1114 2183 Bormansius
1137 2143 1178 2182 et
1199 2138 1443 2195 Hauptius
1469 2139 1476 2194 Ι
1503 2139 1632 2182 artus
1657 2138 1878 2184 Iacobus:

191 2196 315 2241 idem
349 2200 380 2239 0
411 2196 561 2241 isdem
593 2197 811 2242 Gorallus
842 2198 905 2242 ad
934 2211 1018 2253 seq.
1051 2211 1096 2242 u.
1129 2198 1312 2241 trahens
1343 2210 1495 2253 praue
1524 2197 1541 2253 ΙΙ
1570 2197 1689 2240 inter
1723 2200 1808 2241 100
1838 2200 1881 2241 et

192 2260 273 2300 101
315 2259 357 2297 11
409 2256 542 2300 habet
596 2257 740 2301 Terra
793 2255 1094 2312 uoraginibus
1150 2256 1296 2300 omnis
1343 2269 1436 2312 qua
1482 2256 1666 2299 comeat
1707 2255 1834 2299 idem
1862 2255 1878 2315 ΙΙ

190 2319 273 2358 101
307 2315 481 2371 digerit
504 2319 589 2357 cs:
625 2314 784 2372 dirigit
803 2319 883 2362 Ης
910 2317 917 2372 Ι
945 2329 1078 2359 aures
1095 2318 1136 2357 Η
1159 2315 1175 2371 ΙΙ
1202 2320 1284 2360 102
1309 2314 1399 2359 hoc
1423 2314 1534 2359 olim
1550 2314 1879 2359 Bormam-sius:

188 2376 270 2418 aut
301 2373 414 2418 olim
447 2377 501 2429 0,
541 2375 594 2418 in
632 2375 796 2431 quibus
834 2374 918 2418 aut
954 2387 1095 2430 ‘neque
1134 2388 1235 2419 cum
1262 2373 1372 2418 -siue
1403 2388 1447 2419 u.
1485 2378 1570 2418 110
1606 2387 1748 2430 ‘neque
1778 2387 1880 2418 cum

188 2436 271 2478 aut
293 2447 338 2477 u.
360 2437 445 2476 114
469 2434 688 2490 coniunyi
705 2437 863 2490 potest,
895 2437 948 2478 ut
970 2434 1174 2488 quuere3
1206 2433 1334 2477 haud
1358 2433 1472 2478 olim
1503 2432 1841 2487 Wcr‘nsdorfius
1864 2432 1878 2490 ΙΙ

190 2496 275 2536 104
307 2495 465 2536 secuta
495 2493 547 2536 in
579 2493 782 2537 secunda
811 2506 868 2538 m.
900 2495 933 2537 2
964 2505 1078 2536 corr.
1111 2495 1153 2534 Η
1175 2494 1191 2549 ΙΙ
1218 2496 1300 2536 105
1333 2491 1468 2536 tortis
1500 2495 1585 2533 cs:
1619 2491 1732 2535 totis
1755 2494 1838 2538 Hs
1866 2491 1873 2550 Ι

187 2563 376 2594 aceruas
407 2554 449 2592 Η
479 2565 535 2595 m.
567 2555 594 2595 1
626 2553 642 2607 ΙΙ
676 2556 759 2596 106
791 2551 936 2595 Exilit
968 2555 1052 2594 OS:
1087 2550 1213 2595 Exiit
1242 2555 1321 2598 Ης
1360 2552 1366 2607 Ι
1400 2549 1511 2607 imp.
1543 2553 1586 2592 Η
1615 2550 1631 2606 ΙΙ
1666 2554 1748 2594 107
1781 2551 1879 2594 Aut

188 2634 243 2640 —
275 2609 455 2653 Pendet
491 2611 544 2654 ut
582 2610 864 2655 Sch‘raderus
914 2615 920 2663 Ι
971 2611 1131 2654 crebro
1170 2614 1272 2657 Hs:
1314 2610 1495 2664 crebrer
1534 2613 1562 2651 c
1609 2609 1771 2653 crebor
1811 2613 1837 2651 S
1867 2608 1873 2667 Ι

184 2667 410 2712 introssus
442 2672 468 2710 S
516 2671 524 2723 Ι
571 2671 772 2714 uacuata
804 2670 944 2714 Itali:
985 2671 1123 2713 uacat
1161 2671 1268 2714 acta
1303 2673 1368 2712 08
1406 2682 1490 2713 om.
1522 2671 1604 2714 Ης
1643 2668 1873 2712 uacuante

194 2726 532 2781 Wernsdorfius
570 2728 833 2784 (spatioque
872 2731 1070 2773 uacante
1107 2729 1202 2773 iam
1240 2727 1482 2784 Scaliger);
1529 2727 1721 2781 fortasse
1760 2740 1876 2771 caua

185 2786 313 2830 facta
360 2789 367 2841 Ι
418 2786 651 2830 charibdis
691 2792 738 2830 c:
788 2787 955 2832 carims
1003 2787 1052 2843 (h
1093 2800 1240 2844 supra
1278 2801 1330 2832 ar
1374 2801 1430 2830 m.
1471 2787 1517 2841 1)
1558 2790 1605 2839 S,
1654 2798 1736 2829 om.
1776 2789 1874 2840 ΗΞ,

187 2844 428 2901 corymbos
460 2845 601 2899 Itali,
632 2847 713 2902 qui
741 2847 936 2899 fortasse
965 2847 1034 2891 ita
1064 2847 1159 2891 iam
1190 2847 1318 2904 apud
1348 2845 1593 2890 Placidum
1626 2845 1694 2900 (p.
1722 2848 1792 2900 25,
1819 2849 1872 2887 13

184 2904 388 2961 Deuerl.)
420 2905 622 2960 leyerunt
