1992 3238
162 212 239 264 40
785 210 907 256 xvi.
945 210 1259 256 APPENDIX

166 346 353 415 paucis
400 345 533 398 locis
589 344 706 397 sola
752 344 1038 413 genuinam
1092 349 1285 414 poetae
1335 364 1553 399 manum
1606 348 1865 417 seruauit,

167 422 354 488 utpote
395 436 457 470 ex
488 419 708 470 uetusto
748 417 979 487 quodam
1011 419 1191 472 codice
1223 437 1255 471 a
1290 420 1605 473 membrana
1636 419 1858 473 Bruxel-

165 493 302 545 lensi
327 492 539 543 diuerso
563 489 819 560 profecta.
849 491 908 543 in
923 491 1025 544 hac
1048 492 1218 561 igitur
1234 493 1640 562 epigrammatis
1668 495 1864 562 quinti,

167 564 310 634 quod
355 563 547 633 incipit
594 563 662 617 ab
709 563 796 616 his
845 564 1026 617 uerbis
1072 566 1235 618 iacere
1279 582 1379 634 me,
1429 567 1566 632 quod
1607 567 1718 619 alta
1753 584 1862 620 non

158 639 376 708 possim,
405 642 588 706 putas,
625 641 687 690 ut
720 642 841 691 ante
877 639 1072 691 uectari
1105 639 1260 708 freta,
1296 639 1543 692 uersibus
1587 640 1654 692 16
1695 642 1748 692 et
1790 641 1855 692 17

166 730 230 764 ea
254 711 318 764 de
343 712 537 781 quibus
563 711 774 780 agimus
808 711 1039 764 disticha
1063 711 1168 764 duo
1200 712 1490 766 interserta
1522 715 1670 782 sunt3
1691 712 1863 766 inter-

168 788 457 855 seruntque
497 803 560 838 ea
597 787 876 853 tamquam
922 785 1082 853 plane
1122 803 1243 838 cum
1290 786 1480 839 ceteris
1521 786 1861 840 cohaerentia

166 859 329 912 nullis
362 858 669 924 interstitiis
701 857 859 910 factis
885 875 1070 911 omnes
1103 876 1237 928 quos
1263 858 1375 911 dixi
1405 859 1545 912 libri.
1590 860 1700 912 iam
1730 859 1861 912 hinc

164 933 281 985 luce
328 933 392 984 fit
431 932 651 1001 olariuS,
697 949 808 984 non
856 949 977 984 cum
1023 931 1167 985 docti
1213 932 1490 985 cuiusdam
1526 932 1652 985 Itali
1695 933 1860 986 inter-

164 1005 442 1075 polatione
481 1005 637 1058 nobis
676 1023 789 1058 rem
831 1022 975 1074 esse;
1014 1008 1069 1057 et
1105 1005 1226 1074 ipsa
1262 1005 1440 1058 hercle
1480 1023 1667 1058 uersus
1698 1005 1858 1089 primi

165 1078 440 1147 corruptio
488 1078 645 1132 foeda
691 1075 775 1147 (ut
813 1078 919 1130 alia
961 1045 1207 1161 71111110111)
1254 1079 1548 1148 fragmenti
1595 1079 1860 1163 originem

167 1171 293 1206 uere
334 1153 614 1221 antiquam
653 1152 869 1204 euincit.
938 1151 985 1203 si
1024 1155 1206 1205 autem
1244 1170 1309 1204 ex
1346 1171 1432 1205 me
1472 1153 1707 1222 quaeriS,
1753 1171 1864 1222 qua

167 1226 380 1278 ratione
429 1226 547 1277 fieri
591 1226 830 1293 potuerit
873 1228 936 1276 ut
973 1225 1030 1277 in
1069 1243 1286 1278 carmen
1327 1230 1382 1279 et
1418 1227 1578 1279 rebus
1623 1226 1866 1279 narratis

167 1303 223 1352 et
269 1302 443 1351 metro
487 1299 648 1367 plane
695 1298 931 1350 alienum
977 1316 1164 1351 uersus
1214 1299 1465 1352 nonnulli
1511 1298 1866 1352 diuersissimi

167 1373 585 1440 inculcarentur,
632 1375 686 1424 et
724 1371 852 1441 quid
890 1372 969 1424 ita
1008 1371 1065 1424 hi
1105 1372 1163 1425 in
1199 1371 1539 1426 Bruxellensi
1578 1372 1765 1426 omissi
1802 1372 1862 1425 in

172 1447 343 1499 altera
381 1445 593 1498 familia
638 1448 952 1514 appareant:
1000 1463 1099 1515 ego
1138 1463 1254 1498 rem
1293 1464 1419 1499 sane
1459 1465 1621 1516 quam
1667 1445 1865 1499 miram

168 1520 273 1574 hoc
297 1519 458 1573 modo
483 1519 750 1572 enucleari
779 1537 938 1588 posse
971 1519 1221 1572 arbitror.
1281 1520 1339 1572 in
1370 1520 1643 1573 communi
1665 1519 1867 1572 utrius·

170 1611 273 1677 que
318 1593 559 1646 familiae
607 1592 902 1661 archetypo
951 1595 1209 1661 quattuor
1261 1611 1448 1646 uersus
1501 1593 1755 1662 primitus
1802 1593 1863 1645 in

169 1668 290 1737 ipso
321 1667 610 1719 uerborum
635 1668 887 1719 contextu
911 1667 1277 1734 praetermissi
1308 1670 1498 1735 postea
1528 1667 1586 1719 in
1616 1666 1867 1735 margine

170 1741 260 1794 uel
297 1740 552 1793 inferiore
591 1739 678 1792 uel
718 1740 988 1808 superiore
1028 1740 1199 1793 additi
1233 1743 1399 1793 erant.
1460 1740 1600 1793 unde
1633 1742 1687 1792 et
1718 1739 1863 1809 quod

172 1814 298 1867 libri
320 1812 685 1866 Bruxellensis
721 1813 900 1866 scriba
931 1831 1022 1866 eos
1056 1814 1240 1866 omisit
1270 1816 1324 1866 et
1354 1814 1542 1897 quod
1526 1832 1573 1866 is
1606 1813 1698 1897 qui
1730 1813 1887 1865 alte-¹

166 1906 288 1941 rum
334 1887 467 1940 fecit
515 1887 788 1969 exemplar
835 1886 1017 1939 omnia
1055 1890 1110 1939 et
1146 1887 1203 1940 in
1240 1887 1484 1957 margine
1524 1890 1580 1940 et
1615 1887 1674 1939 in
1709 1889 1864 1938 textu

170 1961 415 2014 extantia
463 1978 570 2013 uno
618 1960 770 2029 quasi
823 1962 1010 2014 tenore
1057 1964 1110 2013 et
1153 1961 1306 2014 nulla
1359 1960 1578 2031 genuini
1628 1978 1866 2013 conexus

168 2035 377 2088 ratione
416 2033 605 2086 habita
643 2033 947 2103 descripsit,
986 2052 1138 2086 suam
1177 2033 1345 2087 habet
1383 2034 1808 2103 explicationem.

314 2107 506 2176 Itaque
529 2107 946 2176 reciperauimus
977 2107 1217 2176 ipsorum
1250 2108 1702 2177 epigrammatum
1725 2103 1868 2176 (seu,

170 2181 218 2234 si
248 2181 420 2234 dicere
444 2198 774 2249 perseueras,
805 2179 1130 2251 catalecton)
1155 2179 1593 2251 Vergilianorum
1623 2181 1864 2233 lacerum

169 2254 438 2323 quoddam
483 2253 862 2323 fragmentum.
925 2254 1067 2322 quod
1107 2271 1269 2322 quam
1309 2254 1488 2307 sedem
1536 2254 1667 2307 olim
1707 2270 1863 2307 occu·

167 2328 395 2397 pauerit,
429 2327 538 2380 iam
570 2327 973 2397 disquirendum
1006 2329 1104 2380 est.
1165 2330 1290 2380 ante
1324 2328 1506 2380 omnia
1537 2330 1718 2380 autem
1748 2344 1862 2379 mo-

167 2402 406 2455 nendum
438 2403 535 2469 est,
575 2418 694 2454 eum
735 2401 1072 2470 singulorum
1113 2401 1563 2470 epigrammatum
1604 2400 1866 2468 ordinem,

170 2475 263 2543 qui
293 2475 353 2527 in
384 2474 709 2527 editionibus
748 2474 997 2543 habetur,
1035 2493 1144 2528 non
1175 2475 1408 2527 inueniri
1438 2475 1497 2527 in
1526 2474 1679 2527 libris
1711 2492 1862 2542 mSS.;

169 2565 296 2600 nam
329 2551 382 2600 et
412 2547 783 2601 Bruxellensis
822 2550 877 2600 et
914 2548 1106 2617 reliqui
1142 2547 1222 2601 ita
1259 2548 1355 2601 illa
1393 2548 1681 2601 collocant:
1725 2547 1771 2614 1,
1809 2547 1863 2614 2,

175 2621 266 2689 12,
308 2621 391 2689 13,
432 2623 480 2687 7,
520 2622 576 2689 3,
616 2621 665 2689 9,
709 2622 792 2690 10,
835 2622 925 2686 11,
965 2622 1015 2689 8,
1058 2621 1148 2690 14,
1186 2623 1246 2690 4,
1284 2622 1335 2691 5,
1374 2622 1430 2689 6,
1477 2638 1612 2690 quae
1661 2620 1861 2688 excipit

170 2696 359 2758 notum
381 2694 515 2746 illud
547 2694 673 2747 Vate
694 2693 1042 2766 Syracosio*).
1095 2695 1387 2761 uidendum
1420 2697 1502 2748 est
1525 2693 1706 2763 igitur,
1729 2711 1863 2745 num

181 2906 183 2909 .
244 2866 350 2970 13ῌῖ)
362 2866 616 2924 genuinum
647 2866 859 2913 codicum
885 2869 1108 2927 ordinem,
1140 2868 1193 2914 ut
1215 2883 1301 2927 par
1325 2870 1439 2924 erat,
1468 2867 1517 2914 in
1541 2868 1629 2912 hac
1654 2866 1864 2912 editione

169 2939 242 2971 res
266 2941 282 2970 1
307 2938 367 2971 ui·
