1992 3238
908 752 1081 806 XVII.

600 872 930 932 INOERTI
976 873 1385 934 MORETVM.

299 1133 626 1203 Appendicis
674 1134 792 1187 loco
839 1133 927 1187 hic
974 1134 1181 1188 adicere
1220 1135 1398 1187 uisum
1438 1141 1520 1189 est
1556 1137 1841 1192 Moretum.
1926 1162 1929 1164 ·

149 1208 293 1277 quod
318 1210 546 1276 carmen,
579 1207 838 1260 omissum
863 1226 895 1260 a
919 1205 1176 1262 Suetonio
1202 1207 1509 1279 Seruioque,
1542 1211 1839 1280 antiquitus

149 1299 262 1336 non
300 1281 564 1350 pertinuit
603 1280 670 1333 ad
702 1281 964 1349 opuscula
994 1281 1328 1351 Vergiliana,
1367 1282 1460 1335 sed
1490 1284 1667 1337 medio
1707 1302 1840 1338 aeuo

149 1373 258 1408 una
297 1373 417 1408 cum
462 1355 639 1407 tribus
678 1354 1008 1407 Ausonianis
1056 1353 1141 1424 (ut
1181 1374 1346 1424 supra
1384 1374 1434 1424 p.
1478 1358 1546 1409 10
1585 1357 1871 1427 uidimus)⁸

151 1429 219 1482 ad
274 1428 563 1497 explendas
619 1428 952 1481 collectionis
1005 1431 1188 1497 partes
1245 1430 1473 1482 amissas
1522 1431 1841 1484 accersitum

149 1503 259 1555 iam
297 1505 497 1555 temere
535 1501 601 1554 ad
640 1504 823 1554 uatem
860 1501 1216 1555 Mantuanum
1262 1503 1607 1556 referebatur.
1668 1521 1842 1573 neque

151 1577 295 1630 enim
350 1575 640 1645 quidquam
695 1575 763 1627 ad
817 1575 1060 1628 codicum
1113 1576 1275 1628 fidem
1327 1576 1648 1629 firmandam
1695 1578 1843 1630 ualet

149 1649 323 1702 Isaaci
369 1647 554 1702 Vossii
608 1648 665 1700 in
720 1648 953 1717 quodam
1008 1650 1298 1717 exemplari
1345 1649 1695 1720 Lugdunensi
1753 1650 1841 1717 [cf.

150 1722 433 1776 Ribbeckii
471 1721 638 1791 praef.
675 1740 727 1790 p.
770 1723 859 1788 14]
901 1721 1202 1791 adnotatio,
1243 1741 1299 1775 se
1338 1722 1397 1774 in
1434 1723 1573 1776 libro
1608 1722 1840 1777 Ambro-

152 1796 305 1849 siano
359 1795 463 1849 hoc
517 1795 789 1848 inuenisse
841 1794 1158 1848 Parthenius
1210 1795 1473 1848 Moretum
1525 1797 1732 1864 scripsit
1785 1798 1845 1850 in

153 1869 370 1938 Graeco,
424 1885 572 1937 quem
634 1868 888 1937 Veryilius
939 1870 1174 1921 imitatus
1226 1872 1310 1922 est.
1378 1887 1507 1922 nam
1554 1888 1675 1922 cum
1731 1887 1844 1923 sae·

153 1943 259 1996 culi
296 1941 400 1995 XV
438 1941 581 1995 Italo
622 1942 834 1996 cuidam
871 1942 1197 1994 Parthenius
1235 1941 1433 1995 Moreti
1481 1959 1670 2012 graece
1719 1961 1843 1996 con-

154 2016 342 2086 scripti
380 2018 566 2070 auctor
601 2017 783 2070 nescio
822 2015 964 2068 unde
1002 2015 1348 2084 innotuisset,
1392 2016 1553 2068 obuia
1588 2016 1680 2069 ille
1720 2034 1843 2070 con-

151 2091 359 2143 iectura
369 2088 512 2143 hunc
526 2088 810 2160 aVergilio
822 2090 979 2142 latini
987 2087 1185 2142 Moreti
1199 2089 1490 2142 secundum
1504 2107 1844 2142 communem

154 2163 479 2217 sententiam
519 2165 736 2216 auctore
766 2181 882 2216 esse
916 2181 1229 2231 expressum
1269 2162 1374 2214 sibi
1411 2162 1692 2230 persuasit.
1752 2162 1845 2215 sed

154 2254 479 2307 quamquam
526 2236 590 2288 de
634 2237 897 2304 poematis
938 2239 1153 2289 auctore
1194 2235 1334 2288 nihil
1380 2238 1615 2304 constat,
1660 2238 1844 2288 tamen

153 2310 484 2364 Ausonianis
516 2309 625 2362 illis
656 2309 798 2362 idem
821 2309 993 2362 multo
1019 2309 1286 2362 uetustius
1319 2326 1437 2362 esse
1467 2309 1638 2377 ipsius
1669 2309 1847 2362 forma

153 2384 480 2452 habitusque
519 2382 771 2436 declarat.
833 2386 888 2435 et
926 2384 1239 2452 comparato
1274 2381 1543 2435 Martialis
1583 2382 1845 2452 epigram-

155 2460 299 2510 mate
346 2455 501 2523 [XIII
543 2458 633 2524 14]
680 2459 822 2509 recte
877 2456 1020 2510 docti
1072 2456 1260 2525 primis
1313 2458 1440 2524 post
1487 2453 1611 2509 Chr.
1656 2474 1707 2507 n.
1761 2454 1846 2506 de-

156 2531 359 2583 cenniis
399 2530 765 2583 uindicabant.

304 2603 389 2658 Ex
410 2621 610 2687 magno
642 2604 905 2657 librorum
928 2621 1055 2656 mss,
1086 2620 1308 2656 numero
1342 2602 1601 2672 elegimus
1633 2619 1723 2654 eos
1756 2601 1847 2669 qui

159 2677 360 2761 optime
400 2677 857 2746 sincerissimeque
894 2679 1308 2745 repraesentant
1348 2676 1456 2728 tria
1499 2675 1595 2727 illa
1633 2691 1846 2744 genera,

157 2751 218 2803 in
256 2768 391 2820 quae
429 2748 628 2802 Moreti
668 2750 876 2804 codices
916 2752 1183 2820 quotquot
1221 2751 1408 2802 extant
1445 2747 1737 2802 discedunt.
1792 2749 1847 2798 et

158 2824 393 2893 primum
433 2823 646 2892 quidem
686 2841 878 2894 genus,
918 2825 1059 2894 quod
1097 2842 1149 2892 p.
1181 2823 1214 2875 9
1240 2841 1351 2892 sqq.
1392 2820 1846 2887 adumbrauimus,

156 2897 315 2950 nobis
342 2898 555 2951 constat
579 2914 642 2949 ex
666 2866 971 2967 B(embino:
994 2916 1046 2965 p.
1074 2896 1166 2966 11)
1191 2898 1245 2949 et
1268 2893 1621 2965 S(tabulensi.
1654 2912 1703 2962 p.
1733 2890 1849 2961 10);
