1992 3238
764 187 844 232 VE
850 188 1157 233 RGILIANA.
1775 190 1810 244 5

118 324 392 378 codicibus
439 323 705 392 plurimis,
767 322 831 375 de
879 322 1071 391 quibus
1119 327 1245 376 ante
1293 323 1475 376 omnia
1520 341 1642 378 cum
1681 342 1810 379 cura

120 398 492 467 disputaturus
531 396 899 465 praemittam,
937 412 1048 448 non
1079 399 1260 448 extare
1292 396 1351 449 in
1385 397 1580 450 litteris
1620 398 1808 451 latinis

118 489 234 524 rem
272 471 448 540 magis
486 471 799 523 intricatam
839 468 1192 539 arduamque3
1236 472 1322 521 tot
1368 471 1510 523 enim
1557 471 1809 525 diuersis-

120 545 243 598 simi
275 545 395 597 aeui
429 543 854 612 pretiiquelibri
885 559 1012 595 mss,
1043 543 1102 594 in
1134 543 1650 611 contemplationem
1683 549 1810 598 sunt

117 618 347 671 uocandi
394 622 479 686 ut,
530 617 636 670 nisi
682 615 955 669 Ariadnae
1009 615 1153 685 quod
1199 619 1399 668 uocant
1451 617 1602 670 filum
1655 618 1809 672 firme

115 694 324 760 teneas,
386 691 450 743 de
504 690 651 743 exitu
712 708 883 758 paene
946 689 1212 758 desperes,
1285 691 1575 759 postquam
1630 695 1810 746 autem

116 765 325 834 priores
373 764 550 835 magis
597 781 725 816 casu
780 763 926 816 ducti
979 781 1140 832 quam
1191 763 1416 816 consilio
1466 764 1673 818 codices
1722 765 1811 818 ad-

115 838 431 903 hibuerunt,
486 837 693 907 primus
747 836 916 890 Iulius
965 835 1210 906 Silligius
1264 836 1676 906 diligentissime
1732 839 1808 891 eis

115 912 353 982 undique
402 911 775 980 comparandis
831 909 1272 979 conferendisque
1318 910 1545 963 nauauit
1591 929 1808 980 operam

114 986 380 1055 huiusque
405 986 613 1038 fructus
638 984 923 1053 proposuit
946 984 1004 1036 in
1019 983 1254 1053 Vergilii
1268 982 1541 1052 Heyniani
1557 988 1810 1054 quartum

114 1059 300 1112 emissi
336 1061 486 1112 tomo
523 1057 605 1111 IV
644 1056 886 1128 (Lipsiae
929 1056 1118 1127 1832),
1167 1057 1261 1126 qui
1298 1057 1473 1117 instar
1511 1057 1807 1112 editionum

116 1132 490 1185 aBurmannis
519 1135 824 1185 curatarum
853 1131 1246 1200 amplissimam
1271 1131 1599 1201 eandemque
1616 1133 1811 1186 uastis-

115 1206 309 1259 simam
342 1206 582 1259 continet
612 1206 920 1275 congeriem
953 1222 1139 1258 eorum
1171 1222 1307 1273 quae
1346 1205 1404 1256 in
1435 1222 1550 1257 rem
1588 1205 1809 1259 faciunt.

115 1282 170 1332 et
223 1298 328 1349 quo
376 1279 557 1332 minus
611 1280 671 1331 in
718 1279 910 1332 ceteris
956 1279 1118 1331 rebus
1165 1278 1295 1331 boni
1343 1277 1564 1332 editoris
1611 1297 1809 1333 nomen

115 1351 327 1424 Silligio
366 1355 547 1422 potest
577 1352 865 1421 impertiri,
905 1369 968 1404 eo
999 1352 1175 1421 magis
1206 1369 1316 1404 non
1354 1351 1685 1406 fraudandus
1726 1357 1809 1406 est

112 1427 271 1479 laude
319 1425 653 1495 conquisitae
699 1425 958 1478 materiae
1005 1425 1317 1477 ditissimae.
1388 1443 1493 1493 qua
1539 1426 1631 1495 qui
1677 1445 1806 1480 usus

113 1503 197 1553 est
226 1499 571 1568 RibbeckiuS‚
601 1499 648 1552 is
682 1516 1007 1568 quamquam
1040 1498 1223 1566 copias
1256 1496 1808 1569 Silligianas‘aliqua-

111 1577 270 1627 tenus
311 1573 537 1643 digessit
575 1572 809 1626 correxit
847 1572 1015 1641 auxit,
1050 1575 1238 1624 tamen
1270 1574 1324 1624 et
1360 1572 1475 1641 ipse
1515 1574 1808 1627 successori

112 1647 257 1700 haud
305 1665 480 1716 pauca
524 1646 583 1699 in
622 1648 885 1716 apparatu
923 1646 1112 1699 critico
1162 1646 1275 1698 siue
1323 1646 1654 1699 emendanda
1694 1648 1807 1700 siue

115 1720 359 1774 addenda
396 1720 617 1790 reliquit
648 1723 704 1772 et
735 1737 1002 1773 summam
1042 1719 1376 1789 quaestionis
1407 1738 1517 1774 non
1557 1720 1807 1775 absoluit.

113 1812 249 1864 quae
296 1795 354 1847 in
399 1812 462 1848 eo
509 1796 758 1847 uersatur
805 1796 868 1846 ut
913 1811 1103 1847 seuera
1148 1793 1346 1863 ubique
1393 1793 1517 1847 crisi
1563 1794 1808 1847 adhibita

113 1869 450 1922 diuersarum
489 1868 732 1922 codicum
777 1867 1110 1921 familiarum
1147 1867 1291 1920 inter
1330 1885 1386 1920 se
1425 1868 1807 1938 cognationem

113 1942 429 2012 detegamus
439 1984 453 2011 ‚
517 1941 751 2012 genuina
807 1941 1083 2010 probaque
1140 1941 1480 1994 dinoscamus
1536 1960 1568 1994 a
1620 1943 1806 2011 prauis

111 2016 575 2084 interpolatisque,
608 2015 837 2084 denique
867 2015 1050 2068 fontes
1084 2014 1277 2084 quibus
1292 2015 1603 2068 'carminum
1626 2018 1806 2068 textus

112 2089 181 2141 ad
226 2107 328 2142 nos
376 2088 622 2158 peruenit
668 2088 1062 2142 sincerissimos
1110 2088 1428 2157 aperiamus,
1496 2088 1656 2141 huius
1703 2106 1804 2159 ego

110 2163 377 2232 proPOSiti
414 2165 602 2232 tenax,
641 2163 745 2215 etsi
784 2165 1106 2232 apparatum
1142 2163 1202 2215 in
1239 2162 1485 2230 partibus
1523 2163 1805 2216 nonnullis

112 2236 464 2305 locupletam,
511 2236 726 2305 saepius
771 2238 956 2289 tamen
1002 2235 1275 2305 superflua
1318 2235 1498 2289 recidi.
1560 2236 1651 2289 sed
1699 2237 1806 2305 syl-

113 2310 274 2380 logae
298 2312 519 2363 nostrae
548 2310 664 2362 fata
688 2327 960 2379 exponens
991 2327 1061 2364 ne
1090 2310 1304 2379 saepius
1335 2312 1579 2378 repetam
1604 2309 1806 2378 eadem,

110 2383 230 2452 ipsa
276 2401 361 2436 res
408 2401 580 2452 paene
624 2401 710 2436 me
758 2385 908 2454 cogit
951 2386 1014 2436 ut
1058 2383 1371 2452 proficiscar
1418 2382 1485 2435 ab
1534 2383 1612 2435 eis
1668 2401 1805 2452 quae

111 2457 314 2510 multos
360 2475 458 2525 per
497 2474 667 2510 annos
713 2457 770 2510 in
814 2457 917 2510 hac
962 2457 1190 2510 materia
1226 2458 1443 2509 uersato
1482 2456 1619 2508 mihi
1658 2459 1804 2510 certa

111 2547 346 2600 ueraque
402 2533 782 2600 apparuerunt.
869 2533 922 2583 et
975 2548 1166 2584 causas
1219 2530 1564 2599 rationesque
1619 2547 1802 2583 eorum

112 2622 248 2673 quae
285 2605 446 2673 posui
485 2604 680 2656 attenti
717 2604 946 2659 lectores
987 2622 1052 2658 ex
1097 2604 1216 2672 ipsa
1260 2603 1587 2672 perspicient
1624 2603 1805 2673 dispu-

108 2677 330 2732 tatione.

261 2750 543 2805 Seruatum
575 2751 745 2822 igitur
776 2755 893 2805 erat
924 2770 988 2805 ex
1012 2750 1337 2821 antiquitate
1367 2751 1605 2804 lacerum
1638 2750 1805 2821 quod-

111 2825 235 2877 dam
275 2826 546 2894 exemplar
584 2826 843 2894 opuscula
887 2825 1394 2895 pseudouer'giliana
1432 2842 1496 2878 eo
1542 2841 1700 2893 quem
1746 2824 1805 2876 in

111 2898 212 2952 hac
252 2898 485 2952 editione
525 2899 835 2953 exhibemus
876 2899 1060 2953 ordine
1101 2897 1332 2970 (scilicet
1364 2896 1605 2952 Culicem
1640 2898 1803 2951 Diras
