1992 3238
746 214 1141 261 VERGILIANA.
1721 217 1799 270 45

100 350 281 419 ruptio
327 349 473 401 illius
518 348 677 418 min),
723 366 837 401 non
880 349 1054 402 solum
1093 350 1150 402 in
1187 350 1568 418 praetermisso
1609 350 1700 404 ‘al’
1740 356 1796 405 et

99 425 160 477 in
189 422 417 476 lectione
457 419 634 491 ‘spin’,
673 421 767 474 sed
798 422 962 475 etiam
992 423 1050 474 in
1081 423 1178 475 illo
1211 423 1286 476 ‘et
1318 423 1475 476 male’
1510 422 1680 494 (quod
1716 428 1799 478 est

99 497 297 549 uiizium
341 499 403 548 ut
446 495 691 549 uidemus
739 495 1119 565 perantiquum
1164 514 1264 563 pro
1315 496 1396 550 ‘ut
1441 497 1622 568 male')
1674 516 1798 552 con-

102 570 358 622 sentiens.
414 569 669 639 quoniam
701 568 869 638 igitur
892 569 1344 638 epigrammatum
1379 571 1587 624 codices
1620 571 1798 625 medio

103 661 237 696 aeuo
279 661 344 695 ex
382 642 717 705 Quintiliano
757 645 1025 696 correctos
1064 660 1182 695 esse
1221 660 1343 695 cum
1387 661 1483 711 per
1522 662 1579 696 se
1624 645 1799 698 inere-

104 717 268 769 dibile
315 718 399 768 est
444 718 559 768 tum
606 716 742 768 uitia
785 716 1002 769 illorum
1047 719 1239 769 contra
1285 716 1429 769 hunc
1472 716 1530 769 in
1577 718 1799 787 reliquis

102 789 349 842 uersibus
395 789 615 858 propria
659 789 1015 859 redarguunt,
1061 807 1279 842 necesse
1323 793 1407 842 est
1452 790 1799 844 coniunctum

105 866 456 931 uirorumque
495 862 867 915 testimonium
904 863 1170 933 infringat
1207 881 1377 916 unum
1411 863 1798 918 Ausonianum.

101 954 216 989 non
238 936 409 989 audeo
436 936 682 1006 equidem
716 935 1007 989 diiudicare
1034 940 1217 989 utrum
1244 955 1415 1004 prauo
1445 937 1799 1006 interpolaizo-

104 1027 206 1079 que
254 1028 286 1062 a
331 1009 703 1080 grammaticis
750 1010 1044 1078 exemplari
1089 1010 1343 1079 deeeptus
1394 1010 1467 1063 sit
1512 1028 1582 1063 an
1630 1011 1801 1064 uerba

104 1084 235 1136 olim
273 1084 413 1136 lecta
443 1101 510 1136 ex
547 1083 811 1136 memoria
847 1084 990 1136 male
1019 1083 1129 1136 fida
1165 1085 1520 1154 neglegenter
1557 1084 1801 1137 attulerit

103 1155 403 1222 Ausoniae,
447 1174 619 1226 neque
665 1157 962 1227 disquiram
1000 1175 1094 1210 cur
1130 1157 1274 1210 idem
1310 1157 1509 1227 prioris
1548 1157 1797 1211 editionis

103 1230 270 1283 uerba
305 1231 363 1284 in
398 1231 570 1283 altera
606 1231 962 1284 inmutauerit
992 1231 1162 1284 eiecto
1202 1230 1317 1284 ‘al'z
1354 1231 1532 1300 ipsam
1562 1249 1677 1284 rem
1710 1231 1800 1285 de-

102 1304 302 1357 texisse
342 1305 475 1358 satis
514 1304 705 1358 habeo,
