1992 3238
675 161 776 207 VII.
815 161 1277 208 EPIGRAMMATA.
1712 164 1817 229 173

204 297 460 366 Antiquis
500 297 700 365 hospes
738 313 850 349 non
887 297 1064 349 minor
1100 296 1334 367 ingeniis
1344 338 1358 365 ,
1763 314 1817 353 10

130 371 203 424 Et
241 390 344 440 quo
384 370 558 424 Roma
596 370 712 423 uiro
753 369 924 422 doctis
965 372 1195 423 certaret
1231 369 1484 424 Athenis:

202 444 398 497 Ferrea
439 444 531 496 sed
568 443 704 497 nulli
742 443 954 496 uincere
993 442 1111 494 fata
1149 443 1349 496 datur.'

831 593 932 641 ΧΠ
971 586 1111 660 (IV).

131 695 368 764 Superbe
406 693 700 762 Noctuine,
737 692 986 761 putidum
1026 694 1209 761 eaput,

130 768 304 821 Datur
343 767 447 820 tibi
485 767 690 835 puella,
729 784 890 836 quam
929 766 1096 835 petis,
1134 765 1314 834 datur3

129 841 328 910 Datur,
367 841 595 909 superbe
634 838 927 909 Noctuine,
967 857 1128 908 quam
1166 840 1322 908 petis.

133 915 259 984 Sed,
298 933 329 968 o
372 914 599 983 superbe
637 912 931 982 Noctuine,
968 930 1080 966 non
1118 912 1270 965 uides

130 989 282 1041 Duas
319 988 519 1041 habere
558 986 699 1039 filias
737 985 987 1055 Atilium,
1793 1001 1819 1040 5

128 1061 302 1131 Duas,
343 1063 397 1114 et
433 1061 573 1113 hane
613 1063 667 1112 et
706 1061 956 1129 alteram,
993 1060 1095 1113 tibi
1135 1059 1266 1113 dari.

131 1135 333 1188 Adeste
370 1152 533 1203 116116,
574 1133 780 1187 adeste:
821 1133 967 1187 ducit
1006 1135 1090 1201 (ut
1128 1132 1302 1203 decet)

134 1208 407 1277 Superbus
449 1225 568 1261 6666
605 1206 911 1261 Noctuinus
950 1207 1210 1261 hirneam.

131 1282 369 1336 Talasio!
419 1281 661 1334 Talasio!
709 1281 950 1335 Talasio!

833 1433 959 1480 xm
1000 1425 1110 1499 (v).

128 1531 308 1586 Iacere
347 1550 454 1600 me,
494 1531 635 1600 quod
675 1531 787 1584 alta
824 1550 937 1584 non
974 1531 1201 1601 possim,
1237 1533 1398 1600 putas
1409 1573 1423 1599 ‚

207 1606 283 1659 Vt
321 1609 448 1658 ante
486 1605 691 1657 uectari
727 1605 869 1658 freta

249 1764 338 1808 XII
376 1770 417 1810 9
478 1763 690 1808 Marius
732 1763 1066 1809 Victorinus
1108 1779 1152 1821 p.
1196 1769 1302 1818 137,
1335 1768 1393 1808 24
1423 1763 1499 1808 K.:
1542 1762 1821 1819 repetitum

130 1826 224 1880 ter,
262 1824 390 1868 haud
422 1823 559 1867 aliter
591 1823 629 1881 [‘
642 1823 784 1867 alias'
821 1823 975 1881 601111]
1010 1837 1150 1880 quam
1182 1826 1235 1868 ut
1265 1800 1397 1868 aiunt
1426 1822 1590 1867 fecisse
1619 1820 1820 1879 Vergi-

129 1884 313 1987 ἓξὲξ
310 1883 520 1928 nostrum
556 1881 757 1927 iambico
797 1882 1156 1940 epigrammate:
1196 1881 1424 1927 thalassio
1461 1880 1685 1926 thalassio
1716 1881 1822 1924 tha-

253 2065 308 2103 10
339 2059 521 2116 ingenis
550 2063 590 2101 R
611 2060 627 2115 ΙΙ
652 2064 706 2103 12
738 2059 908 2103 Ferrea
937 2062 1040 2102 AB:
1075 2059 1245 2103 Terrea
1275 2063 1370 2102 ΗΠ

250 2118 337 2162 XII
368 2120 525 2175 (uulyo
555 2118 653 2176 IV).
704 2118 917 2164 Cohaeret
938 2119 1096 2174 priori
1126 2120 1179 2162 i‘n
1203 2122 1233 2166 0
1257 2120 1273 2174 11
1299 2123 1321 2161 1
1354 2116 1538 2175 Vperbe
1565 2121 1605 2159 R
1631 2118 1637 2173 Ι
1664 2114 1823 2160 11061361

131 2191 189 2221 116
222 2177 435 2234 putidum
465 2181 519 2220 B:
551 2179 694 2222 noctu
723 2177 991 2234 reputidum
1013 2181 1037 2220 1
1067 2179 1210 2234 (-eum
1239 2179 1302 2235 Π)
1330 2179 1336 2233 Ι
1365 2177 1517 2234 capud
1543 2180 1576 2220 B
1600 2177 1616 2233 ΙΙ
1639 2181 1664 2220 2
1696 2174 1822 2231 patis

133 2240 227 2278 ΗΜ
249 2237 265 2292 ΙΙ
288 2241 314 2279 3
348 2249 486 2292 super
515 2241 561 2279 M
587 2239 593 2291 Ι
621 2237 782 2281 noctui
812 2249 870 2280 ne
902 2240 955 2278 Β·
989 2236 1148 2280 noctui
1178 2250 1289 2280 nam
1320 2240 1343 2278 1
1370 2237 1376 2293 1
1404 2235 1564 2294 quam]
1598 2234 1712 2291 quid
1741 2237 1787 2276 n
1807 2232 1825 2292 Η

133 2300 161 2339 4
193 2309 219 2340 o
243 2298 298 2337 B·
333 2307 416 2339 om.
441 2299 465 2337 Ι
490 2295 498 2351 Ι
523 2295 683 2339 11061161
714 2308 772 2338 116
804 2308 899 2339 non
927 2299 1085 2338 BHM.
1117 2295 1277 2340 noctui
1305 2309 1400 2339 non
1431 2308 1490 2339 ne
1521 2298 1606 2337 AB
1627 2295 1643 2350 11
1667 2298 1693 2337 5
1725 2291 1823 2336 filia

135 2354 344 2398 satilium
373 2357 408 2396 B
437 2355 453 2410 ΙΙ
485 2359 510 2397 6
542 2353 669 2398 Duas
700 2354 861 2410 uulyo:
893 2367 977 2398 om.
1012 2358 1042 2397 0
1075 2354 1089 2410 ΙΙ
1123 2359 1146 2399 7
1179 2353 1310 2398 ducit
1340 2358 1382 2396 1:
1418 2352 1533 2397 dicit
1562 2367 1707 2410 supra
1739 2352 1819 2397 lin.

1375 2438 1395 2460 1'

131 2476 166 2514 B
189 2473 206 2528 ΙΙ
228 2475 254 2515 8
289 2470 522 2515 Suberbus
544 2474 591 2513 Π
618 2471 624 2526 Ι
651 2472 902 2515 nocturnus
924 2476 948 2515 1
974 2472 980 2527 Ι
1007 2470 1219 2516 hirneam
1242 2476 1296 2514 B:
1329 2471 1519 2515 hineam
1551 2470 1591 2525 (r
1621 2483 1677 2513 m
1710 2469 1756 2526 1)
1780 2472 1822 2512 Η

132 2530 346 2574 hiernam
376 2533 422 2571 Μ
465 2543 609 2585 yrnea
639 2533 678 2571 R
718 2543 903 2586 ymeam
933 2534 971 2572 Δ
1016 2530 1229 2575 herniam
1262 2530 1468 2587 Scaliyer
1512 2530 1528 2584 ΙΙ
1573 2533 1598 2572 9
1633 2527 1821 2572 Talasio

135 2590 205 2633 bis
236 2593 259 2631 1
313 2587 556 2633 Thalassio
589 2589 657 2633 bis
686 2592 741 2642 B;
789 2593 856 2633 ter
891 2589 1088 2645 positam
1127 2602 1278 2634 uocem
1316 2590 1592 2634 demonstrat
1632 2588 1823 2632 Marius

144 2648 408 2692 Victorinus

254 2707 362 2750 XIII
395 2706 550 2763 (uulyo
577 2706 651 2762 V).
701 2704 914 2751 Cohaeret
936 2706 1091 2762 priori
1112 2707 1165 2750 in
1189 2710 1220 2749 0
1243 2708 1259 2764 ΙΙ
1285 2712 1307 2750 1
1333 2707 1489 2751 Iacere
1513 2720 1587 2751 me
1611 2709 1664 2750 B:
1696 2705 1822 2749 Iace-

135 2779 235 2810 rem
265 2769 362 2807 HM
391 2765 547 2809 Iacere
581 2767 680 2820 (om.
713 2767 804 2822 me)
837 2768 921 2807 AB.
947 2768 953 2821 1
982 2765 1081 2809 alta
1109 2769 1163 2808 B:
1198 2766 1293 2810 alto
1324 2770 1348 2808 1
1373 2768 1380 2822 1
1407 2779 1596 2822 possum
1628 2777 1655 2812 ς
1685 2765 1824 2821 (quod

136 2825 413 2869 commendat
453 2823 617 2869 Gatull.
653 2829 730 2880 16,
763 2825 809 2879 4)
854 2824 870 2879 ΙΙ
917 2829 942 2867 2
976 2826 1083 2869 ante
1113 2828 1166 2867 Bz
1221 2826 1350 2870 tante
1381 2829 1404 2867 1
1449 2824 1529 2880 (-ti
1557 2828 1602 2866 Μ
1649 2824 1716 2883 -te
1747 2823 1819 2881 R}

135 2881 313 2927 nectari
344 2887 485 2926 Anu
