1992 3238
218 165 322 222 106
610 167 729 213 XVI.
771 165 1081 210 APPENDIX
1111 165 1502 211 VERGILIANA.

213 301 339 355 Non
379 302 557 354 subito
596 300 799 368 pallere
841 317 996 367 sono,
1034 318 1143 353 non
1184 299 1398 352 credere
1437 301 1622 353 subter

215 374 475 428 Caelestis
515 374 778 442 migrasse
816 374 990 426 minas
1028 378 1123 426 aut
1160 373 1390 425 Tartara
1427 375 1627 443 rumpi3
1811 389 1896 430 280

212 447 386 500 Nosse
427 446 553 516 quid
591 446 837 499 intendat
873 450 1087 515 uentos,
1127 446 1256 515 quid
1292 446 1498 499 nutriat
1535 447 1711 516 ignes,

213 520 368 573 Unde
406 522 620 588 reperta
659 521 810 589 quies
849 523 902 573 et
940 521 1108 572 mixto
1146 518 1359 572 foedere
1398 537 1504 587 pax
1543 524 1637 574 est.

287 591 424 646 Cum
464 596 706 647 crescant
744 594 953 646 animae
991 593 1203 661 penitus
1243 610 1341 645 nec
1378 596 1537 660 porta
1575 612 1838 648 cauernae

210 667 575 736 Introitusque
614 667 720 735 ipsi
760 670 995 734 seruent,
1036 666 1127 718 sed
1166 669 1309 718 terra
1347 666 1570 718 minutis

212 738 412 808 Sparsa
447 740 805 793 foraminibus
843 743 1029 791 tenues
1067 740 1125 790 in
1164 756 1222 790 se
1261 739 1542 792 abstrahat
1574 758 1731 794 auras
1808 755 1895 795 285

211 811 452 883 (Plenius
491 814 594 866 hoc
635 813 819 881 etiam,
858 812 1034 881 rigido
1076 812 1202 882 quia
1240 813 1438 865 uertice
1478 830 1701 883 surgens

207 887 366 939 Illinc
404 886 603 939 infesta
641 889 723 939 est
761 888 920 953 atque
958 885 1085 938 hinc
1125 886 1356 938 obnoxia
1395 887 1571 939 uentis

174 970 177 972 ’
207 960 439 1028 Indeque
480 960 719 1012 diuersas
761 959 1042 1011 admittere
1082 959 1294 1028 cogitur
1333 977 1512 1026 aura8‚

207 1033 283 1086 Et
322 1033 614 1086 coniuratis
655 1032 802 1084 addit
841 1032 1126 1085 concordia
1163 1031 1353 1102 uires):
1808 1047 1891 1088 289

209 1105 543 1159 Credendum
582 1109 665 1158 est
703 1106 865 1157 etiam
905 1109 1188 1158 uentorum
1230 1106 1456 1158 existere
1496 1124 1685 1159 causas
1808 1121 1893 1161 302

210 1178 320 1231 Sub
359 1182 506 1241 terra
546 1179 737 1232 similis
776 1179 970 1231 harum
1008 1197 1139 1247 quas
1179 1180 1446 1232 cernimus
1487 1182 1651 1233 extra.
1807 1194 1892 1233 303

209 1251 332 1305 Siue
371 1253 637 1306 introrsus
677 1255 848 1322 agunt
884 1252 1089 1305 hiemes
1129 1255 1183 1304 et
1219 1253 1437 1304 nubilus
1476 1255 1660 1305 auster
1809 1267 1895 1307 290

208 1325 311 1378 Seu
350 1325 488 1379 forte
528 1344 741 1379 erexere
782 1328 943 1394 caput
978 1329 1240 1395 tergoque
1277 1326 1543 1394 feruntur,

207 1399 498 1467 Praecipiti
537 1399 714 1452 delata
753 1400 872 1451 sinu
910 1400 1108 1468 premit
1145 1399 1290 1451 unda
1327 1399 1555 1467 feritque

326 1535 410 1573 279
443 1529 621 1585 pallere
654 1534 710 1572 G:
751 1529 921 1573 callere
953 1529 1087 1573 ceteri
1122 1530 1138 1585 ΙΙ
1174 1533 1389 1572 secuntur
1418 1529 1471 1573 iri
1502 1533 1620 1571 osu
1653 1534 1856 1574 259-61
1881 1529 1896 1588 {1

207 1592 294 1632 280
327 1587 501 1632 Celesti
529 1591 572 1630 Η
603 1602 659 1632 m.
692 1593 717 1631 1
762 1589 767 1643 ί
810 1588 965 1643 rumpi
997 1592 1051 1630 G:
1084 1586 1249 1631 mundi
1278 1589 1412 1632 ceteri
1454 1589 1470 1644 ΙΙ
1515 1592 1599 1632 281
1635 1588 1785 1633 Nosce
1815 1591 1859 1630 Η
1886 1588 1892 1646 5

205 1647 417 1691 intendat
449 1651 504 1689 G:
543 1646 774 1703 impediat
804 1650 923 1689 csn
958 1646 1174 1703 impellat
1204 1646 1450 1702 Hauptius
1490 1649 1497 1702 Ι
1538 1648 1750 1702 uentosq.
1783 1646 1895 1703 quid

209 1710 251 1748 11
289 1709 295 1761 Ι
336 1705 469 1763 ignes
501 1709 605 1748 GE:
638 1705 747 1749 illos
779 1709 808 1747 c
840 1718 923 1749 om.
958 1710 984 1747 S
1021 1708 1037 1762 ΙΙ
1075 1710 1160 1749 282
1191 1707 1378 1762 reperta
1409 1709 1463 1748 G:
1504 1708 1695 1762 repente
1727 1707 1860 1750 ceteri
1885 1706 1892 1763 ς

205 1764 351 1809 mixto
393 1765 578 1820 scripsi:
627 1765 775 1808 multo
818 1768 848 1806 0
894 1764 1014 1808 inito
1054 1764 1270 1808 Gorallus
1314 1764 1471 1808 iuncto
1513 1765 1813 1809 Menckenius
1854 1770 1896 1808 et

206 1823 488 1867 Schraderus
514 1825 521 1880 Ι
550 1824 621 1867 est
652 1827 687 1864 G
719 1824 840 1879 (sic):
875 1823 936 1866 sit
967 1824 1100 1866 ceteri
1128 1824 1144 1879 ΙΙ
1174 1827 1260 1867 283
1294 1822 1409 1866 Cum
1441 1825 1651 1868 crescant
1675 1824 1894 1868 Iacobus:

206 1881 516 1926 Concrescant
548 1885 578 1923 0
630 1884 635 1937 1
687 1882 840 1926 anime
873 1886 908 1924 G
939 1883 1059 1938 (sic):
1103 1881 1247 1925 animi
1280 1885 1395 1924 cSH
1444 1884 1450 1936 1
1499 1895 1585 1926 nec
1622 1883 1788 1938 scripsi
1817 1883 1895 1938 (cf.

210 1945 292 1985 158
317 1943 446 1997 sqq.):
481 1945 625 1986 66110
670 1942 676 1995 Ι
717 1942 852 1996 porta
883 1945 919 1982 G
951 1941 1071 1997 (sic):
1111 1941 1232 1984 forte
1264 1942 1396 1985 ceteri
1440 1943 1455 1996 ΙΙ
1501 1945 1588 1984 284
1617 1941 1800 1985 feruent
1830 1946 1856 1983 s

206 2000 288 2044 sed
326 2012 427 2055 eqo:
467 2013 548 2043 seu
587 2003 617 2041 0
663 2000 679 2055 ΙΙ
725 2002 810 2043 285
856 1998 1026 2055 Sparsa
1063 2001 1247 2056 scripsi·
1286 1999 1410 2043 Rara
1442 2003 1472 2041 0
1512 1999 1640 2044 Laxa
1670 1999 1858 2056 Machly

204 2060 369 2102 tenues
401 2062 456 2100 G:
488 2071 607 2102 neue
626 2063 697 2100 cs
727 2072 786 2101 ne
811 2072 868 2102 116
892 2062 934 2100 11
961 2060 968 2113 Ι
996 2058 1139 2103 obstr.
1171 2063 1213 2100 Η
1239 2061 1246 2114 Ι
1273 2071 1407 2102 aures
1430 2062 1473 2100 Η
1494 2072 1550 2103 m.
1576 2063 1603 2101 1
1627 2060 1644 2113 ΙΙ
1667 2062 1753 2101 286
1785 2058 1895 2113 quia

206 2118 404 2171 0(etiam
420 2118 492 2172 G).
511 2130 604 2172 qua
620 2128 647 2163 ς
675 2120 680 2172 Ι
708 2117 920 2161 uesticec
949 2119 954 2172 1
984 2121 1238 2174 surgensG:
1260 2116 1412 2173 surgit
1427 2117 1560 2160 ceteri
1580 2117 1597 2173 ΙΙ
1620 2121 1706 2161 287
1724 2116 1895 2161 infesta

207 2179 281 2230 (=
314 2176 538 2231 exposita)
569 2177 642 2220 est
671 2176 856 2231 scripsi.
896 2176 1071 2219 infessa
1109 2178 1181 2220 est
1210 2176 1310 2231 (sic)
1343 2179 1379 2217 G
1416 2173 1612 2219 infestus
1653 2176 1787 2219 ceteri
1825 2175 1892 2218 in-

205 2234 340 2279 festis
365 2235 564 2278 Iacobus
591 2236 598 2289 Ι
624 2234 775 2278 uentis
800 2237 856 2276 G.
882 2234 991 2278 uitis
1015 2235 1149 2279 ceteri
1172 2235 1230 2289 (et
1252 2235 1310 2290 Η)
1339 2238 1345 2286 Ι
1372 2234 1446 2278 hic
1469 2235 1611 2290 (eheu)
1635 2235 1805 2278 desinit
1827 2233 1892 2276 G
1881 2249 1892 2290 ti

206 2297 291 2336 288
323 2293 528 2348 Indeque
551 2293 737 2349 scripsi:
771 2292 985 2348 Vndique
1010 2297 1042 2335 0
1071 2295 1076 2349 Ι
1104 2293 1329 2337 admitere
1353 2297 1395 2335 11
1426 2292 1648 2337 admittat
1678 2297 1705 2334 S
1733 2293 1740 2347 Ι
1767 2292 1892 2348 cogi-

205 2354 282 2395 tur
311 2352 614 2396 Schraderus:
647 2352 825 2408 cogitat
857 2356 888 2394 0
920 2353 937 2408 ΙΙ
967 2356 1052 2396 289
1085 2351 1270 2396 addidit
1299 2356 1340 2394 Η
1370 2354 1386 2409 11
1416 2365 1493 2395 uu.
1526 2353 1608 2408 qui
1636 2355 1746 2395 simi
1775 2353 1828 2395 in
1858 2355 1889 2392 0

206 2415 291 2455 302
323 2415 364 2454 et
387 2415 472 2454 303
499 2415 605 2466 post
627 2415 713 2455 289
745 2411 908 2455 traieci
938 2413 954 2465 (
957 2415 1064 2467 post
1087 2415 1172 2455 282
1197 2412 1315 2466 poni
1345 2411 1494 2455 uoluit
1518 2411 1718 2455 Iacobus
1750 2409 1893 2454 etiam

203 2471 257 2514 in
287 2469 460 2514 etenim
489 2471 699 2526 mutaris)
713 2470 730 2526 ΙΙ
753 2474 838 2513 302
872 2468 1071 2513 Credum
1102 2473 1144 2514 et
1174 2469 1392 2514 exstitere
1422 2473 1465 2511 Η
1495 2483 1552 2513 m.
1576 2474 1602 2513 1
1632 2470 1639 2524 Ι
1666 2481 1828 2513 causas
1850 2471 1892 2510 Η

203 2543 261 2572 m.
293 2533 347 2573 2·
388 2541 577 2572 causam
609 2533 640 2571 0
686 2531 702 2585 ΙΙ
748 2533 833 2572 303
865 2529 919 2572 in
949 2533 976 2570 8
1015 2529 1240 2573 abscissus
1288 2531 1294 2584 Ι
1343 2529 1468 2572 terra
1497 2531 1602 2575 Ηςε
1639 2529 1788 2572 terras
1821 2531 1850 2569 0
1863 2526 1891 2595 Ἰ]

204 2592 292 2631 290
321 2587 546 2630 inti-ossus
579 2592 606 2629 s
642 2590 648 2642 Ι
684 2587 861 2632 hiemes
891 2588 1074 2643 scripsi.
1113 2587 1260 2631 nubes
1293 2591 1346 2642 03
1389 2591 1438 2631 at
1467 2587 1541 2631 hic
1571 2588 1625 2631 de
1654 2587 1776 2630 mari
1805 2587 1891 2629 sci-

205 2646 307 2690 licet
336 2645 493 2689 Siculo
526 2647 772 2700 procelloso
811 2647 969 2702 ayitur
1006 2646 1109 2702 (huc
1139 2647 1276 2691 etiam
1305 2646 1479 2714 referas
1516 2646 1635 2689 illud
1664 2646 1889 2700 tergoque

203 2704 428 2758 feruntur)
459 2704 475 2760 ΙΙ
506 2708 590 2747 291
624 2704 674 2748 Si
704 2705 904 2749 Iacobus
937 2707 945 2759 1
980 2718 1165 2750 erexere
1194 2706 1380 2761 scripsi.
1415 2704 1580 2748 flexere
1612 2707 1643 2746 0
1674 2703 1891 2748 inflexere

205 2763 406 2808 Iacobus
435 2761 486 2804 hi
515 2762 682 2807 flexere
715 2764 891 2808 Mwnro
912 2765 930 2820 ΙΙ
953 2769 1038 2808 292
1071 2764 1230 2808 delata
1262 2764 1402 2808 Itali:
1434 2763 1617 2807 delecta
1649 2766 1680 2803 0
1713 2762 1891 2806 deiecta

205 2821 430 2879 Scaliyer3
457 2834 520 2864 ari
545 2822 769 2866 subuecta
785 2822 810 2865 ,9
839 2825 845 2876 Ι
873 2823 979 2867 sinu
1002 2822 1264 2879 Haasptius:
1292 2835 1404 2867 sono
1423 2825 1454 2864 0
1478 2823 1590 2867 noto
1607 2820 1890 2865 Schraderus

204 2880 315 2937 iugo
349 2880 538 2937 Machly
565 2880 571 2936 1
599 2881 724 2924 unda
754 2882 914 2938 uulqo:
946 2895 1041 2925 una
1065 2885 1095 2923 0
1123 2882 1130 2938 Ι
1157 2880 1358 2937 feritque
1389 2880 1572 2936 scripsi:
1605 2879 1831 2936 fugatque
1857 2883 1887 2920 0
