1992 3238
818 188 875 233 V.
917 187 1086 234 CIRIS.
1691 189 1794 242 131
1810 140 1817 145 ‘

109 325 231 393 Ipse
273 322 525 376 Crataein
563 322 641 374 ait
678 323 934 389 matrem3
977 322 1070 374 sed
1109 323 1222 375 siue
1262 322 1507 377 Crataeis

110 396 232 450 Siue
265 397 417 449 illam
448 398 751 448 monstrum
784 394 971 464 genuit
1002 411 1165 463 graue
1189 396 1434 450 Echidna
1464 397 1710 451 biformis

110 468 234 522 Siue
268 472 350 522 est
378 472 572 522 neutra
602 486 800 537 parens
835 469 996 536 atque
1028 467 1131 520 hoc
1162 469 1220 520 in
1252 471 1487 522 carmine
1519 474 1695 525 totum

106 544 352 613 Inguinis
393 546 478 595 est
517 542 708 594 uitium
747 543 801 592 et
839 540 1066 593 Veneris
1108 541 1377 610 descripta
1415 543 1606 614 libid03

0 655 1 658 κ
105 615 229 669 Siue
269 618 434 669 etiam
472 616 632 668 tactis
672 614 906 683 speciem
946 616 1157 666 mutata
1195 617 1420 668 uenenis
1743 633 1799 672 70

0 690 2 707 ³
59 747 61 749 .
106 690 303 743 Infelix
342 691 498 759 uirgo
540 686 694 757 (quid
733 688 877 740 enim
918 688 1262 741 commiserat
1299 688 1430 750 illa?
1470 685 1474 688 ’

106 763 229 832 Ipse
268 766 424 832 pater
460 762 715 814 timidam
753 779 924 814 uacua
963 761 1268 829 complexus
1306 761 1510 815 harena

107 835 432 906 Coniugium
473 839 652 888 castae
691 835 992 888 uiolauerat
1030 833 1420 904 Amphitritae3

106 909 254 972 Quae
293 913 476 962 tamen
515 909 692 978 exegit
729 909 894 978 longo
934 911 1060 977 post
1096 911 1340 976 tempore
1379 927 1610 977 poenaS,

105 983 203 1052 Vt,
243 1002 362 1036 cum
403 1001 530 1036 cura
568 983 652 1034 sui
690 981 975 1033 ueheretur
1013 982 1258 1051 coniugis
1300 983 1434 1051 alto,
1744 997 1797 1037 75

102 1058 231 1127 Ipsa
268 1060 475 1109 trucem
514 1056 687 1108 multo
726 1055 980 1108 misceret
1020 1056 1283 1125 sanguine
1328 1054 1598 1127 pontum);

107 1130 211 1184 Seu
249 1148 401 1197 uero,
440 1132 501 1181 ut
538 1129 848 1198 perhibent,
884 1128 1062 1181 forma
1094 1147 1214 1181 cum
1254 1130 1496 1182 uinceret
1528 1132 1700 1184 omnis

104 1205 179 1257 Et
217 1203 438 1272 cupidos
478 1205 705 1272 quaestu
742 1202 944 1271 passim
983 1202 1268 1270 popularet
1300 1206 1569 1273 amanteS‚
1741 1219 1797 1258 78

104 1277 397 1331 Horribilis
440 1277 649 1329 circum
680 1275 819 1328 uidit
859 1293 914 1328 se
955 1277 1141 1328 sistere
1180 1275 1383 1330 formas
1738 1292 1794 1332 80

103 1352 352 1404 Piscibus
393 1353 447 1403 et
484 1350 815 1418 canibusque
853 1350 1009 1402 malis
1049 1349 1252 1403 uallata
1289 1354 1504 1419 repente
1544 1354 1625 1404 est
1742 1366 1795 1405 79

106 1424 252 1491 (Heu
292 1424 541 1493 quotiens
580 1424 776 1475 mirata
814 1441 986 1475 nouos
1027 1423 1288 1491 expalluit
1328 1425 1498 1477 artus!
1740 1439 1794 1478 81

105 1498 234 1567 Ipsa
276 1516 401 1551 suos
443 1497 692 1567 quotiens
731 1497 838 1548 heu
876 1496 1154 1564 pertimuit
1193 1499 1424 1551 latratus
1437 1496 1498 1567 1),

105 1572 255 1624 Ausa
295 1571 437 1641 quod
478 1573 559 1623 est
597 1570 791 1622 mulier
828 1587 1028 1621 numen
1065 1569 1316 1624 fraudare
1358 1572 1578 1623 deorum

224 1721 280 1760 66
307 1714 523 1760 Crataein
547 1715 615 1759 ait
637 1715 870 1772 Heynius:
899 1715 1107 1771 gratinei
1138 1720 1275 1758 AER.
1307 1716 1482 1760 cratein
1506 1721 1538 1758 1.
1567 1718 1572 1769 Ι
1601 1716 1698 1761 sine
1722 1721 1764 1760 11

106 1775 314 1821 Crataeis
344 1776 505 1831 uulgo:
539 1774 707 1818 erithei
731 1777 761 1816 0
785 1775 801 1830 ΙΙ
825 1779 880 1818 67
912 1775 1180 1819 monstrum
1204 1775 1465 1831 Hauptius:
1498 1778 1706 1820 monstro
1732 1781 1762 1819 0

104 1848 246 1891 graue
269 1832 483 1878 Echidna
510 1834 649 1877 idem·
678 1845 885 1889 grauena
916 1835 1053 1878 AER
1090 1848 1328 1891 grauenna
1351 1838 1393 1876 Η
1416 1848 1473 1877 m.
1499 1838 1532 1878 2
1565 1835 1802 1891 grandeua

104 1898 136 1935 L
177 1893 383 1949 gradena
414 1908 441 1934 a
473 1905 587 1938 corr.
625 1905 849 1959 germana
880 1892 1101 1948 Silliqzus
1143 1895 1149 1949 Ι
1190 1893 1401 1937 biformis
1433 1892 1694 1948 Hauptius:
1735 1894 1801 1938 bi-

103 1951 243 1996 formi
279 1955 309 1994 0
348 1953 364 2008 ΙΙ
403 1954 458 1996 68
489 1951 643 1995 totum
674 1951 860 2006 scripsi:
892 1952 994 1995 toto
1028 1956 1058 1994 0
1091 1953 1106 2008 ΙΙ
1138 1957 1191 1996 69
1226 1951 1314 2009 est]
1347 1951 1397 1995 id
1426 1956 1459 1993 L
1495 1955 1500 2000 Ι
1536 1953 1584 1995 et
1614 1966 1696 1997 om.
1729 1957 1761 1994 L
1768 1953 1801 2020 Η

107 2015 162 2055 70
195 2010 337 2054 tactis
367 2011 554 2067 scripsi:
586 2008 722 2053 iactis
753 2013 887 2051 AER.
919 2011 1093 2054 exactis
1125 2016 1196 2053 La
1223 2015 1227 2048 1
1257 2010 1455 2066 spetiem
1479 2015 1511 2052 L
1534 2012 1550 2067 ΙΙ
1575 2016 1628 2054 71
1659 2011 1800 2055 comi-

106 2071 231 2114 serat
254 2073 351 2111 HR.
396 2071 410 2126 ΙΙ
455 2068 671 2112 timidam
702 2082 851 2113 uacua
881 2070 1067 2124 scripsi.
1107 2069 1324 2114 timidam
1356 2083 1468 2113 seua
1498 2073 1580 2111 HL
1626 2071 1801 2114 nudam

106 2143 335 2198 (timidam
368 2143 412 2199 a)
446 2155 557 2186 sena
580 2145 617 2184 A
650 2136 868 2186 sc'aeuam
901 2134 1077 2186 n'udam
1107 2148 1145 2186 R.
1187 2142 1404 2187 timidam
1436 2143 1558 2187 flaua
1589 2144 1801 2201 Heynius

104 2202 279 2245 nudam
323 2201 456 2245 fulua
496 2201 703 2246 Kochius
760 2201 977 2245 timidam
1024 2202 1148 2247 sicca
1187 2202 1429 2257 Hauptius
1484 2204 1489 2257 Ι
1548 2203 1801 2258 complexit

105 2264 240 2305 AER
263 2262 278 2317 1}
302 2265 357 2304 73
390 2261 546 2303 castae
577 2259 846 2305 Schwabius
876 2274 1058 2317 eyoque:
1092 2262 1219 2305 carte
1251 2265 1340 2303 HR.
1376 2274 1507 2304 carce
1538 2263 1582 2315 (c
1613 2263 1712 2306 alt.
1727 2277 1799 2306 ex-

97 2324 290 2376 puncta,
322 2323 362 2362 et
391 2333 535 2376 mary.
567 2333 624 2362 m.
657 2323 683 2362 1
717 2322 840 2376 care)
872 2323 910 2362 A
942 2334 1077 2364 carae
1109 2326 1141 2363 L
1180 2323 1186 2374 Ι
1222 2320 1495 2387 amphitrite
1526 2324 1584 2361 B:
1618 2334 1726 2377 amp
1729 2321 1798 2364 hi-

104 2379 213 2423 trite
245 2381 333 2420 AH
379 2377 674 2434 amphitrites
711 2383 782 2420 La
826 2381 842 2435 ΙΙ
889 2384 945 2423 74
979 2378 1106 2431 Quae
1145 2380 1330 2434 scripsi:
1378 2380 1464 2422 Ast
1493 2382 1535 2419 Η
1581 2379 1644 2422 At
1674 2336 1800 2422 ApLB.

103 2438 232 2481 Haec
263 2451 341 2503 upr
373 2437 530 2481 doctus
561 2437 683 2480 misc.
717 2438 828 2481 obss.
862 2438 928 2482 IV
960 2443 1046 2482 318
1076 2441 1081 2491 Ι
1109 2451 1316 2494 poennas
1347 2442 1386 2479 B.
1407 2438 1424 2493 ΙΙ
1450 2442 1502 2480 75
1536 2439 1660 2495 cum]
1698 2439 1799 2482 tum

104 2502 174 2539 La
202 2498 208 2551 Ι
237 2495 309 2540 sui
331 2495 437 2540 Nic.
456 2495 667 2539 Loensis:
694 2509 776 2554 sue
800 2500 832 2537 L
864 2498 944 2540 tue
975 2500 1063 2538 ΔΗ
1093 2498 1173 2555 tue
1196 2502 1235 2538 Β.
1262 2500 1268 2552 1
1295 2496 1578 2555 pheheretur
1601 2500 1643 2538 Η
1665 2511 1721 2540 m.
1740 2502 1766 2540 1
1789 2497 1794 2555 Ι

106 2556 200 2599 alte
233 2558 270 2596 A
302 2556 434 2610 (corr.
460 2557 504 2610 a)
537 2554 630 2614 alte
654 2559 693 2596 Β,
715 2556 731 2611 ΙΙ
756 2560 810 2598 76
840 2555 1030 2599 miseret
1050 2560 1089 2598 B.
1112 2557 1127 2612 ΙΙ
1152 2561 1205 2599 77
1233 2555 1482 2611 prohibent
1503 2559 1542 2597 Β.
1569 2556 1575 2612 1
1602 2555 1800 2599 uincerit

104 2618 146 2656 Η
183 2616 190 2670 1
227 2613 376 2658 omnis
407 2617 469 2655 11:
509 2627 666 2657 omnes
696 2617 822 2656 ALR.
859 2616 874 2670 ΙΙ
913 2619 970 2658 78
1002 2619 1164 2670 passim
1194 2615 1260 2658 sic
1289 2618 1331 2655 H
1369 2617 1375 2670 1
1414 2614 1663 2670 popularet
1693 2619 1796 2658 ΑΒ·

105 2673 371 2730 procularet
411 2675 538 2728 (rocu
561 2686 648 2728 per
680 2673 890 2716 lineolam
921 2674 1092 2729 deletis)
1124 2677 1166 2714 Η
1207 2673 1433 2729 spoliaret
1463 2677 1532 2715 La
1562 2674 1578 2729 ΙΙ
1607 2688 1684 2717 uu.
1718 2676 1799 2730 qui

106 2736 213 2776 sunt
244 2733 296 2775 in
329 2735 359 2773 0
395 2736 450 2775 79
482 2735 523 2774 et
555 2735 610 2775 80
644 2732 824 2775 traiecit
854 2732 1095 2788 Hauptius
1117 2733 1132 2787 ss
1157 2736 1212 2776 80
1243 2732 1414 2775 Horrib
1437 2733 1488 2775 in
1511 2746 1600 2776 ras.
1626 2747 1682 2776 m.
1709 2737 1733 2775 1
1758 2737 1798 2775 R

107 2790 365 2835 Horribiles
397 2795 429 2832 L
472 2791 478 2846 Ι
522 2790 590 2848 se]
624 2804 648 2834 e
680 2804 735 2834 ex
767 2803 880 2834 corr.
914 2795 956 2832 Η
988 2790 1077 2834 sibi
1107 2795 1139 2832 L
1185 2792 1201 2847 ΙΙ
1249 2795 1302 2834 79
1337 2790 1526 2835 canibus
1557 2790 1731 2846 rapidis
1762 2795 1796 2833 L

107 2849 282 2893 rabidis
314 2863 458 2905 supra
488 2849 625 2893 malis
651 2865 678 2891 a
704 2849 711 2905 Ι
738 2848 904 2894 fallata
934 2853 976 2891 11
1007 2864 1062 2895 m.
1089 2854 1115 2893 1
1148 2849 1308 2894 ualata
1329 2854 1369 2892 R
1392 2851 1406 2907 ΙΙ
1431 2855 1483 2894 81
1518 2850 1622 2893 Neu
1654 2854 1695 2893 et
1723 2864 1796 2893 ex-

106 2909 260 2964 paluit
290 2912 331 2950 11
354 2910 369 2965 ΙΙ
394 2913 448 2953 82
481 2907 774 2966 pertimuisse
805 2912 875 2951 La

1467 2981 1529 3026 9*
