1992 3238
201 192 273 245 60
591 194 715 239 XVI.
756 191 1067 237 APPENDIX
1096 192 1490 238 VERGILIANA.

202 326 412 381 Praeda
451 325 716 380 Charonis
758 345 891 398 agor
927 328 1127 398 uigilis.
1181 328 1467 398 flagrantia
1504 327 1675 381 taedis

200 400 416 453 Limina
454 403 573 453 tum
611 401 793 454 lucent
829 401 1054 454 infernis
1093 401 1282 455 obdita
1318 402 1552 470 templis.

201 474 381 527 Obuia
421 473 743 544 Tisiphone,
780 475 1116 541 serpentibus
1155 474 1389 543 undique
1428 475 1632 539 cincta,

201 546 279 600 Et
316 547 562 600 flammas
602 550 657 600 et
694 565 857 613 saeua
897 549 1071 618 quatit
1107 548 1243 600 mihi
1279 547 1520 602 uerbera.
1573 566 1716 617 pone

203 619 470 674 Cerberus
510 624 565 674 et
603 621 733 674 diris
771 621 1029 674 latrantia
1067 622 1291 674 rictibus
1333 639 1448 691 ora,
1806 634 1903 674 2202·

204 693 493 764 Anguibus
532 693 659 748 hinc
691 697 851 764 atque
889 694 1015 747 hinc
1051 694 1279 748 horrent
1316 695 1443 763 quoi
1478 695 1617 748 colla
1645 693 1856 748 reflexis

206 766 679 838 sanguineumque
717 769 923 821 micant
963 767 1208 820 ardorem
1246 768 1464 821 luminis
1505 768 1674 821 orbes.

201 839 349 909 Heu,
388 841 515 911 quid
554 842 621 895 ab
662 841 837 894 officio
877 841 1134 911 degressa
1173 843 1257 894 est
1296 842 1496 911 gratia,
1535 859 1696 910 quom
1735 844 1791 894 te

201 914 438 968 Restitui
478 914 685 984 superis
723 915 821 967 leti
860 914 968 967 iam
1007 915 1193 968 limine
1233 914 1300 967 ab
1340 915 1502 983 ipso?

200 986 452 1041 Praemia
491 991 617 1041 sunt
654 988 873 1056 pietatis
913 988 1029 1058 ubi,
1068 987 1290 1057 pietatis
1328 987 1599 1058 honores?
1810 1000 1902 1040 225

200 1061 266 1114 In
304 1080 475 1114 uanas
515 1061 692 1114 abiere
731 1062 875 1114 uices
916 1065 971 1114 et
1007 1063 1154 1115 uicta
1190 1063 1414 1114 recessit

201 1134 420 1189 Iustitia
459 1138 514 1187 et
551 1135 699 1202 prior
738 1135 832 1187 illa
869 1134 1016 1188 fides
1078 1135 1342 1188 instantia
1379 1135 1494 1188 fudi

202 1208 466 1276 AlteriuS‚
507 1208 621 1260 sine
659 1210 906 1277 respectu
945 1226 1066 1261 mea
1101 1208 1217 1260 fata
1253 1208 1560 1278 relinquens

202 1281 291 1334 Ad
327 1281 525 1350 pariles
566 1298 700 1350 agor
738 1285 987 1334 euentus:
1025 1282 1089 1334 fit
1126 1298 1303 1350 poena
1340 1282 1584 1334 merenti.

201 1354 386 1408 Poena
427 1355 498 1407 sit
537 1354 782 1407 exitium:
822 1354 982 1407 modo
1023 1355 1095 1408 sit
1130 1359 1247 1407 tum
1289 1358 1446 1425 grata
1483 1356 1759 1425 uoluntaS‚
1812 1369 1902 1408 230

203 1428 423 1481 Existat
460 1446 558 1497 par
597 1428 848 1481 officium.
909 1428 1052 1481 feror
1092 1429 1216 1481 auia
1255 1446 1500 1498 carpens,

326 1622 412 1662 216
447 1616 627 1662 caronis
659 1621 696 1659 V
723 1616 732 1675 1
756 1616 916 1674 uigilis
947 1617 1133 1673 scripsi:
1170 1617 1272 1661 uidi
1301 1619 1356 1661 ut
1387 1622 1418 1660 0
1449 1617 1590 1662 uiden
1619 1619 1674 1663 ut
1701 1618 1905 1663 Rem-bus

210 1677 348 1734 (quod
400 1677 508 1720 hinc
560 1677 761 1720 alienum
817 1689 906 1720 csse
951 1677 1129 1720 monuit
1173 1676 1388 1733 Heym'us
1432 1676 1571 1722 uideo
1617 1678 1902 1734 proponens)

206 1735 306 1780 uidi
338 1736 371 1779 ς
391 1736 409 1792 11
431 1739 515 1779 217
548 1748 632 1779 om.
664 1739 702 1778 V
729 1736 736 1791 1
763 1734 949 1779 Limina
980 1736 1032 1779 3:
1065 1735 1265 1779 Lumina
1286 1738 1411 1778 BcE
1433 1734 1622 1780 Moenia
1645 1735 1860 1793 Silliyius
1887 1736 1894 1794 1

204 1797 310 1839 tum
355 1794 514 1839 lucent
549 1794 735 1850 scripsi:
784 1807 890 1838 cum
932 1794 1093 1838 lucent
1128 1797 1253 1836 Bon
1299 1794 1534 1839 collucent
1572 1796 1603 1838 ς
1652 1798 1658 1850 1
1707 1794 1903 1839 infernis

204 1853 442 1898 Domitius
474 1852 768 1898 Galderinus:
807 1852 991 1897 infestis
1020 1856 1144 1896 BcH
1181 1853 1366 1897 infectis
1399 1854 1430 1896 ς
1471 1854 1480 1910 1
1521 1853 1683 1898 obdita
1711 1854 1901 1910 scripsi:

209 1911 369 1956 omnia
398 1915 525 1954 BcH
553 1911 747 1956 horrida
778 1911 1082 1966 Wakefieldus
1103 1913 1120 1967 11
1143 1916 1229 1956 218
1258 1911 1433 1968 tysiph.
1461 1917 1489 1954 c
1520 1912 1712 1969 thisiph.
1745 1916 1787 1955 11
1815 1912 1900 1957 tis-

207 1970 326 2028 siph.
359 1974 397 2012 V
425 1973 431 2027 1
461 1969 612 2015 cincta
641 1971 875 2027 Heywius:
909 1971 1098 2027 compta
1122 1974 1153 2013 0
1176 1971 1193 2027 11
1216 1974 1302 2014 219
1333 1984 1458 2028 pone
1488 1971 1732 2028 Hauptius
1763 1972 1900 2028 (pone

208 2032 282 2074 est
311 2032 407 2076 iam
443 2029 825 2086 Peerlkampius):
857 2042 1007 2086 poene
1037 2034 1071 2074 Β
1101 2042 1220 2086 pene
1251 2033 1341 2071 HV
1371 2043 1551 2086 poenae
1576 2034 1605 2072 0
1635 2031 1652 2085 11
1681 2034 1769 2074 220
1795 2028 1900 2074 Cer-

202 2089 346 2133 berea
376 2087 660 2133 Schraderus
686 2091 692 2144 1
718 2087 943 2132 latrantia
972 2088 1168 2132 rictibus
1199 2088 1462 2144 Hauptius:
1493 2088 1697 2145 flagrant
1728 2089 1816 2145 (-at
1838 2090 1901 2145 Η)

205 2146 456 2192 latratibus
488 2150 519 2189 0
552 2147 756 2204 flag-rans
787 2146 1037 2191 latratibus
1069 2146 1312 2203 Scaliyeru
1335 2151 1419 2190 221
1452 2146 1536 2191 hin
1568 2149 1610 2200 (c
1635 2148 1741 2192 add.
1765 2161 1822 2193 m.
1847 2150 1901 2204 2)

209 2206 306 2262 atq.
338 2209 381 2248 11
408 2207 414 2261 1
440 2205 635 2250 horrent
663 2209 724 2248 11:
758 2207 892 2250 arent
924 2209 955 2247 0
991 2208 997 2259 1
1033 2205 1146 2261 quoi
1174 2210 1232 2248 V:
1267 2205 1344 2250 cui
1374 2207 1506 2250 ceteri
1537 2206 1553 2261 11
1583 2210 1668 2250 222
1704 2206 1900 2264 Sangui·

206 2277 442 2320 neumque
472 2265 635 2320 uulyo:
671 2263 1029 2321 Sanguineaque
1061 2268 1095 2306 B
1128 2263 1474 2320 Sanguineique
1506 2268 1630 2307 cHV
1680 2267 1686 2319 1
1736 2266 1903 2310 ardore

206 2322 387 2368 micant
415 2321 513 2367 iam
535 2327 578 2365 Η
613 2325 619 2379 1
653 2323 791 2367 arbos
824 2324 926 2380 (my.
959 2337 1015 2367 m.
1047 2336 1132 2368 rec.
1164 2325 1187 2365 1
1218 2322 1370 2380 orbes)
1401 2327 1435 2366 Β
1468 2325 1523 2379 (V
1554 2327 1710 2369 ubrwm
1741 2324 1901 2369 orbem

206 2396 271 2427 an
302 2382 437 2426 orbes
468 2382 631 2426 habeat
659 2382 900 2439 incertum)
923 2383 940 2438 11
963 2386 1048 2426 223
1079 2382 1184 2426 Neu
1208 2385 1251 2424 Η
1281 2396 1337 2426 m.
1363 2386 1395 2427 2
1429 2395 1544 2429 corr.
1573 2386 1580 2438 1
1608 2382 1820 2440 digressa
1843 2386 1902 2438 ος

207 2442 386 2485 correxi
412 2442 420 2497 1
446 2454 587 2498 quom
618 2444 677 2484 V:
711 2454 817 2484 cum
849 2442 982 2485 ceteri
1011 2442 1027 2497 11
1058 2445 1145 2485 224
1175 2441 1289 2485 loeti
1320 2445 1349 2483 c
1383 2442 1389 2495 1
1424 2441 1602 2486 lumine
1631 2455 1688 2485 m.
1721 2446 1816 2486 ant.
1849 2443 1902 2485 iri

206 2499 370 2544 limine
402 2512 517 2544 corr.
548 2503 583 2542 Β
610 2500 617 2556 1
643 2499 745 2557 ipso
776 2514 833 2543 m.
864 2504 890 2544 1
925 2513 980 2544 ex
1010 2513 1124 2556 apso
1158 2513 1272 2544 corr.
1304 2503 1338 2542 Β
1369 2500 1384 2556 11
1414 2504 1500 2545 225
1524 2499 1710 2544 Premia
1733 2525 1789 2534 ·-
1815 2505 1904 2544 226
1991 2511 1992 2529 ³

207 2557 335 2602 uices
373 2559 538 2603 habent
578 2558 691 2604 Par.
738 2559 754 2615 11
801 2563 886 2603 225
926 2558 1008 2602 ubi
1047 2560 1095 2603 et
1129 2558 1243 2602 Par.
1289 2561 1305 2616 11
1351 2564 1438 2604 226
1469 2573 1642 2604 uacuas
1683 2573 1724 2604 a.
1765 2571 1902 2603 auras

208 2617 402 2674 Machly
428 2618 436 2673 1
462 2616 590 2662 uicta
620 2618 807 2675 scripsi:
839 2617 940 2661 uita
962 2622 1000 2660 V
1030 2617 1131 2662 iure
1154 2621 1227 2660 Bc
1241 2621 1284 2660 Η
1315 2632 1422 2662 rure
1446 2619 1585 2676 uulyo
1607 2619 1624 2675 11
1645 2622 1731 2662 227
1765 2617 1902 2662 Iusti-

206 2674 278 2720 tia
310 2677 359 2719 et
388 2674 692 2721 Schraderus:
732 2676 984 2732 Iustiti(a)e
1017 2680 1048 2719 0
1089 2675 1195 2730 (-cie
1227 2678 1286 2734 11)
1335 2679 1342 2732 1
1392 2677 1505 2720 dum
1534 2682 1640 2722 ante
1675 2676 1906 2721 instantia

208 2734 344 2779 addit
366 2732 658 2778 Schenkelius
684 2737 690 2790 1
717 2735 820 2779 fudi
848 2737 1034 2792 scripsi:
1066 2735 1167 2779 uidi
1191 2739 1222 2778 0
1253 2735 1347 2780 uici
1369 2736 1594 2780 Heinsius
1616 2737 1632 2792 11
1654 2739 1741 2780 228
1772 2735 1903 2786 facta

207 2796 253 2836 E
289 2794 306 2849 11
345 2796 432 2836 230
463 2792 622 2837 Poena
653 2793 715 2837 sit
744 2795 905 2850 uulgo:
943 2795 1104 2838 Poena
1132 2793 1187 2837 fit
1218 2798 1249 2837 0
1284 2796 1292 2851 1
1327 2793 1406 2852 sit]
1440 2795 1494 2838 fit
1523 2799 1560 2837 V
1593 2795 1654 2850 sit
1683 2799 1726 2837 Η
1760 2798 1766 2846 Ι
1802 2795 1901 2838 tum

206 2851 449 2908 Silliyius:
502 2850 614 2894 dum
661 2854 692 2894 0
746 2853 830 2897 tua
881 2853 1209 2911 Hertzberyius
1259 2855 1277 2910 11
1329 2858 1413 2898 231
1466 2853 1544 2898 aui
1599 2855 1644 2910 (a
1691 2853 1797 2898 add.
1843 2866 1902 2897 m.

202 2912 311 2966 rec.)
348 2913 382 2952 Β
