1992 3238
775 180 1167 226 VERGILIANA.
1750 182 1782 232 3
1790 181 1819 232 7

132 316 349 369 uenitur
386 312 754 385 uestigium*).
816 314 1000 383 itaque
1042 316 1088 367 si
1128 316 1468 385 carminibus,
1510 333 1643 384 quae
1681 332 1824 367 nunc

141 389 417 444 Catalecta
456 389 569 440 siue
610 386 893 456 Catalepta
932 387 1173 455 audiunt,
1212 390 1661 459 epigrammatum
1699 389 1826 440 titu-

138 464 254 516 lum
290 462 597 529 reddemuS,
636 465 846 514 ueteres
883 463 1051 514 testes
1092 462 1497 515 conciliabimus
1537 480 1656 514 cum
1697 460 1823 515 Sue-

138 536 292 589 tonio
326 533 632 604 Seruioque.
687 553 792 603 qua
829 552 886 586 re
924 533 1113 604 agnita
1142 536 1442 588 necessario
1482 536 1725 588 ducimur
1762 553 1825 587 eo

138 613 200 662 ut
254 607 578 677 Catalepton
637 608 1048 675 inscriptionem
1102 607 1170 660 ad
1226 610 1400 661 totam
1454 609 1825 662 collectionem

143 685 385 751 spectare
432 681 686 734 dicamus.
765 681 848 733 cui
900 682 1198 734 sententiae
1244 681 1432 734 fauent
1477 684 1531 733 et
1576 681 1826 735 Donatus

137 755 153 778 ‘
171 753 517 809 Catalecton’
549 755 606 806 in
636 754 829 807 indicis
856 755 939 807 sui
968 755 1127 807 initio
1158 773 1365 823 ponens
1398 754 1651 823 (fortasse
1683 755 1827 823 apud

143 826 461 882 Suetonium
513 829 722 899 legerat
766 828 972 895 scrip-sit
1022 829 1201 881 deinde
1243 833 1428 896 septem
1474 829 1628 882 libros
1674 828 1827 882 Cata-

141 903 331 970 {eptam
369 903 428 954 id
464 906 536 955 est
573 943 584 954 .
625 943 636 954 .
676 901 712 971 .)
761 904 816 953 et
855 900 1072 954 Seruius
1118 902 1255 955 miro
1301 902 1460 955 modo
1499 906 1684 969 septem
1721 903 1830 955 siue

140 979 250 1030 octo
290 976 445 1028 libros
482 992 704 1044 ponens,
765 975 1021 1027 nimirum
1065 975 1155 1028 hic
1195 993 1319 1028 cum
1356 978 1562 1044 septem
1603 975 1716 1027 ludi
1754 975 1829 1027 iu-

137 1049 346 1102 uenalis
390 1047 695 1118 Vergiliani
732 1048 898 1101 libros
937 1066 1054 1102 esse
1094 1052 1427 1118 compertum
1459 1049 1698 1118 haberet,
1737 1049 1830 1101 sed

136 1121 272 1174 illud
304 1120 629 1190 Catalepton
667 1121 778 1174 iam
809 1140 920 1174 non
952 1122 1285 1175 intellectum
1316 1141 1425 1176 una
1458 1141 1577 1176 cum
1609 1122 1829 1192 reliquis

137 1198 463 1263 numeraret,
501 1195 684 1264 potius
716 1197 837 1248 octo
871 1213 986 1248 esse
1020 1196 1365 1267 significauit.
1420 1195 1647 1265 denique
1687 1196 1830 1266 quod

137 1270 313 1322 nostri
352 1269 565 1322 codices
599 1269 698 1322 sub
731 1270 1039 1339 catalepton
1067 1271 1285 1323 nomine
1323 1270 1526 1323 habent
1565 1271 1832 1340 epigram-

138 1346 309 1411 mata,
346 1343 470 1395 inde
508 1342 722 1395 uidetur
762 1345 940 1396 ortum
989 1344 1132 1412 quod
1171 1344 1301 1396 olim
1348 1344 1406 1396 in
1444 1344 1613 1397 totius
1652 1343 1830 1412 operis

140 1416 286 1468 exitu
343 1415 488 1469 ‘finit
539 1415 770 1487 Vergilii
824 1416 1161 1485 catalepton'
1216 1418 1517 1486 legebatur,
1571 1417 1709 1469 unde
1763 1417 1831 1469 ad

137 1489 388 1542 ultimam
432 1493 642 1559 partem
682 1488 938 1560 (Priapea
977 1494 1032 1542 et
1070 1490 1489 1561 epigrammata)
1529 1489 1834 1543 referebant

138 1563 403 1616 monachi.

289 1635 535 1699 Quonam
589 1636 756 1706 igitur
813 1636 974 1690 titulo
1028 1638 1188 1707 plena
1241 1637 1485 1690 collectio
1533 1637 1834 1706 antiquitus

139 1709 403 1780 insignita
458 1710 615 1763 erat?
696 1711 1035 1778 praeludendi
1095 1711 1361 1764 uocabulo
1424 1710 1551 1781 quia
1612 1714 1836 1762 utuntur

144 1782 348 1837 Statius
382 1786 437 1836 et
470 1783 682 1837 Phocas
726 1784 812 1850 [cf.
844 1784 1038 1853 p.·25]‚
1066 1786 1419 1852 praelusione&
1459 1784 1672 1852 Vergilii
1709 1784 1837 1853 quia

142 1857 390 1909 nominat
438 1855 728 1911 Diomedes
771 1857 860 1924 [cf.
897 1876 948 1926 p.
988 1859 1106 1927 32]‚
1166 1858 1374 1927 Viryilii
1422 1859 1681 1911 iuvenalis
1726 1857 1838 1911 ludi

148 1930 346 1984 libellus
379 1931 507 2000 quia
540 1931 771 1983 secunda
801 1931 1044 1984 codicum
1073 1935 1382 1985 nostrorum
1413 1932 1601 1984 classis
1639 1931 1691 1983 in
1734 1931 1837 1984 hac

148 2021 359 2072 quoque
398 2022 455 2056 re
503 2004 743 2072 priscum
787 2005 1011 2057 titulum
1056 2005 1223 2058 libere
1260 2008 1322 2057 ut
1359 2005 1573 2057 uidetur
1611 2004 1836 2057 reddens

145 2077 398 2130 inscribit
436 2075 755 2146 (subscribit
794 2096 1004 2148 quoque
1044 2079 1291 2131 similiter
1327 2083 1511 2146 septem
1548 2080 1660 2132 ioca
1697 2080 1836 2131 iuue-

143 2149 294 2204 nalia
341 2151 550 2216 Viryilii
584 2152 781 2219 finiunt
818 2152 983 2205 codex
1022 2151 1341 2206 Bembinus:
1389 2171 1439 2221 p.
1483 2151 1597 2222 11),
1643 2152 1763 2205 ideo
1805 2170 1836 2203 a

146 2241 276 2277 uero
307 2242 421 2277 non
450 2225 680 2277 multum
712 2225 959 2278 aberrare
991 2226 1124 2279 mihi
1155 2227 1343 2280 uideor
1368 2228 1413 2279 si
1438 2226 1570 2280 olim
1594 2226 1835 2295 syllogae

149 2298 506 2366 praemissum
536 2300 828 2367 pronuntio
859 2299 923 2353 Ρ.
962 2300 1178 2368 Veryilii
1207 2300 1453 2354 Maronis
1481 2301 1837 2368 praelusiones

294 2427 338 2483 *)
372 2428 495 2471 certe
526 2441 678 2484 neque
707 2428 758 2472 in
788 2430 989 2474 secunda
1020 2430 1187 2485 classe,
1220 2445 1340 2486 quae
1373 2429 1671 2486 quantumuis
1694 2429 1836 2474 inter-

143 2485 307 2542 polata
354 2487 511 2530 tamen
557 2487 761 2543 priorem
798 2490 983 2545 partem
1022 2489 1210 2545 plenam
1248 2488 1572 2546 integramque
1613 2488 1836 2542 continet,

145 2557 298 2601 neque
328 2544 378 2588 in
409 2545 552 2589 tertia
582 2545 729 2590 classe
762 2547 960 2592 alteram
989 2549 1172 2604 partem
1205 2547 1452 2592 exhibente
1482 2547 1722 2604 leguntur,
1755 2548 1836 2592 sed

145 2602 317 2647 adsunt
354 2617 514 2648 eorum
551 2604 763 2648 nonnulli
800 2605 852 2648 in
890 2606 1126 2650 codicibus
1164 2605 1475 2651 miscellaneis
1513 2610 1573 2663 V,
1611 2606 1693 2662 qui
1729 2608 1838 2663 post

146 2660 322 2719 Copam
361 2662 506 2706 habet
543 2661 665 2706 illud
705 2664 866 2708 Monte
894 2665 977 2708 sub
1012 2665 1094 2708 hoe
1133 2666 1361 2722 lapidum,
1400 2665 1450 2709 in
1480 2664 1837 2710 Monacensibus

147 2720 224 2777 [cf.
258 2735 302 2777 p.
338 2721 438 2779 14]‚
479 2721 679 2776 denique
719 2722 768 2765 in
806 2726 848 2764 Η
887 2723 946 2767 ab
986 2723 1106 2767 Italo
1145 2724 1347 2779 quodam
1388 2723 1667 2781 composito:
1711 2724 1836 2768 unde

146 2779 301 2824 elucet
323 2783 487 2836 postea
511 2794 590 2824 eos
616 2794 715 2824 esse
740 2781 1010 2838 adsumptos
1035 2795 1140 2826 cum
1166 2796 1221 2826 ex
1243 2781 1429 2828 Donato
1462 2785 1563 2827 tum
1593 2797 1648 2827 ex
1673 2783 1836 2827 antho-

146 2837 300 2895 logiae
334 2838 654 2883 Salmasianae
696 2841 821 2895 (nam
850 2841 968 2884 haec
997 2840 1330 2886 uersiculorum
1361 2842 1551 2887 illorum
1581 2842 1838 2900 permultos

143 2895 292 2942 habet
321 2898 407 2942 sub
438 2897 636 2955 Vergilii
666 2898 869 2954 nomine)
900 2899 995 2943 late
1027 2913 1214 2956 sparsae
1245 2900 1375 2946 libris
1406 2914 1514 2946 mss.
