1992 3238
778 199 1172 247 VERGILIANA.
1753 201 1818 253 11

135 335 317 389 uarias
342 335 600 389 lectiones
625 335 745 388 dedi
767 335 825 387 in
840 333 1022 387 Aetna
1043 331 1125 404 (in
1143 353 1250 403 qua
1268 334 1619 389 Bormansius
1641 353 1833 405 parum
1897 335 1905 342 “

139 411 382 462 accurate
420 426 534 461 rem
573 407 733 478 egit),
773 406 945 478 Oopa,
983 407 1209 461 Moreto.

284 482 342 543 G,
383 480 850 552 Cantabrigiensis
890 479 1044 551 (bibl.
1082 482 1360 535 uniuersit.
1398 480 1593 552 2076),
1633 483 1830 535 saeculi

133 555 335 608 X—-XI
367 554 517 626 (huic
544 555 689 608 enim
721 555 890 608 aetati
921 572 1022 625 ego
1062 552 1341 623 attribuo),
1380 554 1587 608 formae
1618 558 1831 624 quater-

134 629 336 698 nariae‚
373 632 501 698 post
538 628 700 681 medii
739 629 859 681 aeui
898 631 954 681 et
983 628 1212 681 Ausonii
1243 628 1426 697 (quem
1457 629 1571 697 ipse
1603 648 1650 681 a.
1685 629 1835 683 1875

135 701 363 772 contuli)
389 702 628 755 carmina
652 702 916 772 quaedam
938 701 1032 755 fol.
1050 702 1268 754 20-47
1295 699 1519 755 Culicem
1535 704 1589 754 et
1602 702 1831 756 Aetnam

134 776 314 829 habet.
374 776 432 828 in
467 775 558 828 his.
586 780 766 829 autem
807 776 1026 828 adhibui
1056 774 1336 828 Munronis
1376 775 1723 843 conlationeS,
1762 776 1830 828 ad

135 847 373 902 Culicem
418 850 478 902 in
523 849 833 919 Ribbeckii,
879 849 947 902 ad
991 848 1230 908 Aetnam
1276 849 1334 901 in
1379 848 1550 917 ipsius
1599 848 1830 902 editione

136 925 398 976 extantes

283 995 492 1050 Aetnae
541 1014 730 1048 uersus
777 997 936 1048 simul
975 996 1033 1049 in
1073 994 1106 1047 S
1147 998 1200 1047 et
1239 995 1273 1047 G
1314 995 1507 1048 obuios
1548 996 1594 1048 si
1633 996 1832 1048 exami-

134 1070 367 1138 naueris‚
402 1069 685 1140 intelleges
718 1072 1005 1138 utrumque
1034 1087 1098 1122 ex
1128 1087 1236 1122 uno
1269 1068 1565 1137 exemplari
1594 1069 1827 1123 fluxisse.

134 1143 189 1196 id
228 1143 397 1210 igitur
437 1142 470 1195 S
508 1143 857 1212 transcripsit
893 1144 1188 1213 integrum,
1236 1142 1271 1194 G
1311 1143 1571 1211 opuscula
1616 1145 1831 1196 tantum

134 1218 368 1286 primum
406 1217 762 1286 ultimumque
801 1217 925 1270 inde
965 1217 1206 1285 sumpsit.

281 1290 534 1343 Alterum
565 1291 808 1344 codicum
840 1305 1024 1360 genus,
1055 1291 1162 1343 nisi
1193 1289 1338 1359 quod
1369 1288 1581 1343 Aetnae
1612 1289 1833 1342 libellus

133 1365 192 1417 in
230 1364 336 1417 fine
376 1365 607 1417 omissus
655 1367 759 1432 est,
807 1382 928 1417 cum
974 1364 1158 1432 priore
1203 1363 1705 1416 coniunctissimum
1749 1381 1831 1416 re-

134 1439 488 1507 praesentant
524 1438 650 1490 libri
686 1438 908 1506 plurimi
945 1438 1086 1490 hice:

282 1509 347 1579 B,
392 1510 689 1564 Vaticanus
729 1511 898 1579 3252,
945 1528 1080 1564 saec.
1119 1509 1199 1563 IX
1241 1510 1299 1563 in
1338 1510 1605 1578 scriptura
1643 1511 1831 1580 lango-

133 1584 375 1652 bardica,
422 1584 694 1637 indicante
739 1584 870 1637 folio
917 1584 1093 1653 primo
1142 1584 1270 1637 olim
1308 1583 1503 1636 Bembi
1540 1587 1597 1636 et
1640 1583 1831 1637 deinde

134 1658 315 1711 Fuluii
347 1657 550 1727 Ursini,
587 1658 841 1711 foliorum
881 1658 1240 1727 oblongorum
1269 1657 1356 1712 32.
1417 1660 1544 1726 post
1582 1661 1838 1726 excerpta

136 1748 200 1784 ex
236 1730 410 1785 Seruii
449 1732 514 1785 de
546 1731 790 1802 Vergilio
828 1731 1137 1785 narratione
1173 1735 1228 1784 et
1257 1731 1428 1784 uitam
1458 1730 1833 1799 vergilianam

133 1805 465 1859 Bernensem
489 1803 580 1875 (cf.
595 1804 984 1859 Reifferscheid
1001 1803 1219 1858 Sueton.
1235 1805 1351 1859 rell.
1368 1824 1419 1874 p.
1435 1804 1508 1858 52
1530 1805 1586 1858 in
1606 1802 1833 1874 testim.)

136 1896 433 1947 uersusque
472 1878 666 1932 Ouidio
710 1880 1007 1948 adscriptos
1056 1879 1307 1947 Viryilius
1348 1896 1535 1948 mayno
1580 1883 1834 1946 quantum
1866 1914 1878 1922 -

135 1955 378 2007 concessit
398 1953 628 2006 Homero
650 1952 744 2006 fol.
765 1953 952 2005 2--14
974 1953 1244 2006 habentur
1267 1951 1442 2022 Culex,
1465 1952 1648 2021 Dirae,
1676 1950 1837 2019 Gopa,

133 2027 237 2080 Est
272 2030 320 2079 et
355 2026 503 2095 Non,
542 2027 603 2080 de
639 2027 957 2080 institutione
992 2028 1103 2080 uiri
1140 2027 1283 2091 boni,
1318 2028 1379 2079 de
1414 2027 1547 2080 rosis
1583 2026 1831 2079 nascenti-

133 2101 247 2168 buS,
291 2100 575 2169 Moretum,
621 2100 707 2153 cui
754 2100 1117 2169 subscriptum
1164 2103 1249 2153 est
1286 2098 1488 2168 Septem
1531 2101 1646 2153 ioca
1689 2101 1830 2153 iuue-

133 2175 284 2228 nalia
339 2174 551 2242 Viryilii
596 2175 793 2241 finiunt
832 2175 1186 2243 sequentibus
1231 2174 1481 2227 uersibus
1529 2172 1829 2227 Octauiano

135 2247 422 2316 adscriptis
459 2253 663 2316 Eryone
698 2250 952 2315 supremis
989 2247 1147 2318 (quos
1187 2248 1302 2317 ipse
1335 2266 1382 2301 a.
1418 2248 1562 2301 1872
1601 2245 1831 2316 contuli)

135 2325 190 2375 et
227 2321 700 2389 pseudoouidianis
735 2322 917 2388 Qualds
955 2322 1215 2390 bucolici33
1255 2340 1391 2390 quae
1431 2321 1707 2389 excipiunt
1735 2319 1833 2373 fol.-

139 2395 208 2448 15
239 2412 353 2463 sqq.
392 2394 643 2448 Bucolica
680 2398 735 2449 et
774 2395 1025 2464 Georyiea
1063 2394 1158 2467 (ad
1194 2395 1222 2448 I
1252 2394 1403 2464 494).
1469 2393 1734 2448 nonnulla
1772 2393 1832 2446 in

134 2469 238 2522 hoc
276 2468 416 2520 libro
450 2487 482 2520 a
512 2487 677 2521 manu
706 2470 912 2522 recenti
944 2472 1183 2523 correcta
1221 2468 1395 2537 ipsius
1427 2467 1682 2520 uidentur
1714 2484 1832 2520 esse

134 2542 342 2610 Bembi,
383 2542 476 2610 qui
506 2541 775 2610 quomodo
805 2542 864 2596 in
896 2561 992 2596 suo
1031 2545 1091 2596 de
1127 2543 1288 2596 culice
1322 2542 1533 2610 Viryilii
1570 2541 1829 2610 opusculo

137 2615 373 2669 codicem
434 2615 591 2668 illum
647 2615 889 2685 aliosque
944 2616 1255 2669 adhibuerit
1307 2617 1553 2669 accurate
1617 2617 1834 2668 enarrat

135 2689 463 2742 Ribbeckius
497 2688 687 2758 [praef.
717 2707 768 2758 p.
793 2691 865 2743 32
890 2692 1044 2760 sqq.].
1097 2708 1227 2743 usus
1259 2707 1379 2743 sum
1411 2688 1596 2743 Caroli
1627 2687 1832 2758 Zange-

136 2763 375 2816 meisteri
421 2763 729 2817 conlatione
776 2782 813 2816 a
845 2763 1146 2817 Ribbeckio
1185 2763 1490 2833 publicata,
1531 2762 1642 2815 nisi
1687 2761 1831 2832 quod

134 2837 428 2891 nonnullos
466 2838 614 2891 locos
652 2837 848 2890 iterum
886 2838 1022 2890 mihi.
1058 2837 1388 2891 examinauit
1424 2835 1492 2890 A.
1527 2835 1759 2889 MauiuS.

282 2908 343 2980 P,
364 2910 531 2965 codex
543 2910 821 2964 Parisinus
841 2911 1001 2982 7927,
1015 2911 1146 2965 olim
1164 2909 1523 2980 Oolbertinus,
1545 2910 1603 2962 in
1622 2911 1832 2979 quartO,
