1992 3238
165 205 237 258 14
772 202 894 248 XVI.
938 202 1253 248 APPENDIX

163 340 503 408 ‚adscriptum
540 336 680 403 Quid
709 336 805 391 hoe
842 338 968 391 nou-i
1003 341 1078 391 est
1114 340 1169 392 et
1205 338 1390 405 eleyias
1420 339 1484 391 -in
1514 338 1865 391 Maecenatem

171 413 261 483 (cf.
292 413 397 465 uol.
429 410 457 462 I
486 429 537 480 p.
565 408 712 480 124).
775 411 927 464 cuius
959 411 1087 464 libri
1126 411 1583 464 accuratissimam
1618 411 1865 464 collatio-

161 504 290 539 nem
341 484 489 537 dedit
534 483 798 538 Aemilius
849 483 1048 538 Grosse
1097 485 1154 537 in
1198 483 1531 538 Fleckeiseni
1582 485 1864 537 annalibus

165 578 214 612 a.
257 558 398 612 1869
438 575 489 626 p.
530 557 640 611 275
665 576 779 627 sqq.

315 630 473 685 Ultro
515 634 697 686 autem
736 634 967 700 apparet
996 631 1279 700 priapeum
1316 630 1867 700 pseudotibullianum

164 707 225 758 et
272 704 477 775 elegias
522 705 586 758 vin
635 703 1008 759 Maecenatem
1057 722 1155 773 per
1207 705 1443 763 medium
1495 722 1687 757 aeuum
1736 721 1867 758 casu

174 777 407 848 quodam
434 777 746 834 adhaesisse
783 778 1318 847 pseudouergilianis.
1371 778 1567 831 horum
1594 778 1737 831 enim
1758 778 1865 846 syl-

174 853 338 922 logen
383 852 442 904 in
487 852 771 920 cataleptis
825 852 939 904 siue
987 852 1170 920 potius
1225 851 1628 921 epigrammatis
1675 851 1867 904 fecisse

171 926 334 979 finem
372 925 493 979 luce
533 925 728 979 clarius
765 925 1060 979 ostendunt
1096 925 1352 979 uersiculi
1389 925 1472 977 illi
1510 925 1568 977 in
1599 924 1746 978 exitu
1778 924 1868 978 ad-

171 1000 300 1052 iecti
340 999 467 1053 Vate
495 998 786 1067 Syracusio.
847 1017 954 1067 qua
992 999 1056 1052 de
1092 1017 1150 1052 re
1182 998 1241 1053 L.
1273 998 1520 1051 Muelleri
1559 998 1869 1067 opinionem

173 1072 370 1127 falsam
414 1073 574 1126 reieci
620 1073 678 1127 in
713 1071 1049 1126 Fleckeiseni
1096 1091 1218 1126 ann.
1257 1074 1290 1127 1.
1329 1074 1363 1125 l.
1402 1091 1453 1141 p.
1496 1072 1616 1125 140.
1686 1089 1870 1141 quam-

175 1165 338 1216 quam
385 1146 494 1199 iam
539 1147 703 1215 longe
751 1149 878 1199 ante
925 1146 1054 1199 libri
1091 1145 1458 1203 Bruxellensis
1507 1148 1740 1201 aetatem
1787 1163 1869 1199 ac-

172 1220 476 1287 cessionem
513 1219 667 1273 illam
706 1237 808 1272 usu
844 1219 1059 1272 uenisse
1099 1220 1288 1273 statim
1326 1220 1679 1289 intellegetur.
1757 1224 1759 1227 ‘

545 1343 635 1397 De
676 1347 904 1414 quarta
943 1345 1232 1399 codicum
1272 1346 1494 1400 classe.

326 1437 480 1494 Duae
511 1443 694 1508 partes
719 1442 851 1495 olim
884 1440 1142 1499 discissae
1173 1441 1284 1495 iam
1307 1439 1483 1493 medio
1513 1457 1645 1493 aeuo
1677 1439 1872 1492 iterum

177 1514 496 1568 coniunctae
545 1517 693 1583 sunt,
740 1518 802 1568 ut
839 1517 1025 1568 tamen
1063 1513 1352 1584 (quantum
1389 1513 1603 1583 quidem
1649 1512 1872 1583 scimus)

175 1606 286 1642 non
324 1588 569 1657 integrae
609 1589 990 1657 copularentur
1017 1588 1113 1642 sed
1147 1588 1331 1657 potius
1365 1605 1429 1640 ex
1458 1589 1686 1656 utraque
1718 1587 1873 1657 quasi

177 1661 448 1731 quoddam
493 1660 818 1731 florilegium
864 1662 1248 1715 institueretur.
1309 1661 1414 1715 huc
1464 1661 1742 1730 pertinent
1782 1660 1874 1729 qui

182 1735 453 1789 communi
493 1735 633 1805 siglo
674 1754 706 1789 a
744 1753 829 1791 me
869 1735 1420 1804 comprehenduntur-z

326 1808 398 1875 M,
446 1809 594 1863 codd.
641 1807 997 1863 Monacenses
1042 1813 1154 1862 tres
1202 1827 1267 1862 ex
1305 1827 1412 1862 uno
1449 1808 1602 1862 fonte
1647 1808 1875 1861 deriuati

180 1881 455 1953 (quartum
481 1883 719 1938 eiusdem
743 1884 1053 1952 prosapiae,
1075 1886 1263 1951 utpote
1294 1900 1429 1936 saec.
1452 1882 1556 1936 XV
1581 1884 1876 1950 exaratum,

182 1957 432 2010 omittere
482 1955 819 2027 possumus),
874 1957 1079 2010 scilicet
1127 1957 1236 2009 ‚clm
1287 1956 1396 2010 305
1446 1974 1582 2011 saec.
1634 1955 1714 2008 XI
1758 1954 1877 2026 (m),

185 2030 364 2083 18059
406 2048 541 2083 saec.
581 2029 659 2082 XI
698 2029 779 2101 (n)
828 2033 882 2083 et
919 2030 1102 2084 21562
1147 2048 1282 2083 saec.
1320 2029 1427 2082 XII
1465 2027 1565 2099 (o),
1613 2029 1705 2098 qui
1749 2033 1877 2097 post

183 2103 479 2156 Aeneidem
517 2103 723 2156 habent
760 2104 1043 2168 Moretum,
1091 2104 1196 2156 duo
1221 2104 1476 2170 ‚carmina
1512 2103 1610 2155 illa
1658 2102 1726 2156 Ut
1762 2103 1879 2156 belli

182 2194 392 2232 sonuere
437 2177 584 2231 tubae
631 2181 685 2229 et
722 2177 827 2231 Sus
871 2179 1076 2231 iuuenis
1119 2193 1322 2244 serpens
1360 2176 1522 2247 (quae
1561 2176 1766 2229 omittit
1801 2175 1878 2246 n),

183 2254 301 2306 tum
339 2251 711 2316 Maecenatem,
757 2269 919 2320 porro
957 2251 1147 2315 Diras,
1196 2251 1388 2304 deinde
1433 2249 1578 2306 illudv
1608 2249 1747 2315 Quid
1787 2249 1878 2303 hoe

182 2326 310 2378 noui
331 2328 406 2378 est
429 2322 575 2395 (cum
597 2325 761 2379 titulo
787 2325 1053 2394 ‘Priapeia
1071 2323 1397 2396 Maronis'1),
1423 2324 1650 2393 denique
1667 2322 1876 2392 Gopam.

182 2399 381 2452 uidetis
415 2398 544 2467 quid
568 2398 648 2452 rei
680 2399 777 2452 sit:
810 2402 1025 2467 praeter
1055 2399 1159 2452 duo
1191 2416 1335 2452 noua
1365 2398 1639 2467 poematia
1662 2415 1690 2450 e
1718 2400 1876 2465 parte

182 2473 362 2541 priore
395 2471 667 2525 Moretum
700 2470 904 2541 Copam
934 2472 1110 2542 DiraS,
1150 2491 1214 2525 ex
1253 2473 1423 2526 altera
1461 2475 1642 2525 autem
1678 2489 1876 2540 appen-

185 2546 387 2601 diculas
433 2546 582 2615 illas,
629 2564 766 2615 quae
813 2547 923 2601 iam
963 2547 1031 2600 ad
1068 2547 1371 2616 uergiliana
1415 2545 1683 2615 pertinere
1721 2548 1876 2614 puta-

180 2619 396 2686 bantur,
435 2619 667 2687 sumpsit
703 2638 879 2674 nouae
909 2620 1068 2676 huius
1101 2619 1432 2674 collectionis
1462 2619 1720 2672 redactor.
1785 2619 1877 2688 qui
1973 2613 1975 2615 ’

184 2711 308 2748 cum
338 2693 395 2744 in
425 2691 736 2746 Maecenate
769 2698 823 2747 et
859 2695 1080 2764 priapeo
1119 2693 1606 2763 pseudotibulliano
1632 2711 1696 2746 ex
1725 2692 1876 2746 fonte

186 2766 432 2820 hauserit
463 2784 583 2819 cum
615 2768 928 2822 membrana
959 2768 1299 2822 Bruxellensi
1329 2766 1784 2835 coniunctissim0‚
1818 2766 1878 2819 in

184 2840 396 2895 Moreto
422 2837 573 2909 Copa
603 2839 754 2895 Diris
787 2842 1034 2895 adhibuit
1063 2843 1260 2896 librum
1290 2859 1403 2896 non
1429 2841 1668 2910 uulgaris
1699 2843 1876 2894 notae.

187 2931 314 2967 nam
365 2932 485 2968 cum
532 2913 583 2966 M
629 2915 873 2982 plurimis
923 2916 1137 2984 quidem
1189 2915 1324 2970 locis
1379 2914 1642 2968 secundae
1689 2914 1877 2969 classis
