1992 3238
910 628 975 683 V.

790 749 1095 809 GIRIS.

172 996 297 1050 Etsi
336 1015 421 1050 me
460 1013 601 1050 uano
641 997 903 1050 iactatum
940 997 1117 1051 laudis
1158 1016 1339 1052 amore

97 1071 366 1140 Irritaque
406 1073 685 1139 expertum
723 1070 928 1124 fallacis
967 1073 1208 1140 praemia
1246 1073 1398 1141 uulgi

99 1143 387 1214 Cecropius
428 1144 609 1197 suauis
651 1145 926 1213 exspirans
965 1145 1214 1198 hortulus
1255 1164 1412 1199 auras

97 1218 370 1272 Florentis
408 1218 569 1271 uiridi
609 1217 831 1286 sophiae
871 1219 1244 1288 complectitur
1281 1219 1475 1272 umbra

99 1292 239 1345 Tum
269 1309 421 1344 mens
455 1292 666 1361 quaerit
698 1309 758 1345 eo
792 1292 1015 1362 dignum
1048 1293 1152 1345 sibi
1182 1311 1426 1362 promere
1459 1311 1671 1347 carmen
1762 1306 1787 1347 5

100 1364 312 1438 (Longe
353 1366 496 1418 aliud
536 1365 769 1429 studium
811 1369 970 1435 atque
1010 1367 1148 1419 alios
1187 1368 1425 1420 accincta
1462 1368 1673 1421 labores

98 1439 279 1492 Altius
320 1439 387 1492 ad
426 1440 612 1510 magni
651 1440 891 1507 suspexit
930 1440 1107 1493 sidera
1143 1441 1332 1492 mundi

98 1513 176 1567 Et
211 1513 473 1582 placitum
510 1513 698 1582 paucis
738 1531 870 1565 ausa
909 1516 992 1566 est
1032 1514 1317 1567 ascendere
1357 1512 1596 1585 collem):

98 1587 225 1641 Non
263 1589 446 1640 tamen
487 1587 751 1639 absistam
791 1590 1038 1656 coeptum
1079 1587 1324 1640 detexere
1363 1606 1579 1657 munuS,

100 1660 166 1713 In
205 1679 309 1730 quo
349 1661 464 1712 iure
504 1677 650 1713 meas
690 1660 899 1712 utinam
937 1661 1269 1731 requiescere
1307 1680 1490 1714 musas
1737 1674 1790 1714 10

219 1822 292 1866 De
322 1821 449 1866 codd.
483 1821 540 1875 cf.
565 1821 718 1876 praef.
745 1834 795 1877 Ρ.
829 1825 886 1864 23
909 1821 925 1876 ΙΙ
947 1821 1016 1865 De
1049 1820 1219 1865 cin-ina
1250 1822 1334 1865 litt.
1367 1822 1495 1866 rubr.
1526 1825 1568 1863 H
1605 1821 1657 1866 P.
1690 1820 1792 1864 Vir-

99 1879 204 1938 gilii
232 1879 435 1924 Maronis
467 1877 583 1922 Ciris
614 1879 783 1936 incipit
813 1883 851 1922 A
888 1879 939 1923 Ρ.
972 1879 1162 1937 Virgini
1200 1880 1299 1925 illu.
1339 1881 1507 1936 poetae
1541 1879 1659 1924 Ciris
1690 1878 1791 1923 feli-

101 1939 217 1984 citer
261 1938 432 1996 incipit
479 1939 565 1982 litt.
612 1940 720 1983 mai.
763 1943 802 1981 R
855 1939 904 1982 P.
952 1937 1141 1995 Virgilii
1186 1939 1389 1983 Maronis
1434 1939 1494 1983 ad
1541 1938 1791 1983 Messalam

100 1998 231 2043 Curis
278 1999 365 2043 litt
403 1999 511 2043 mai.
543 2002 576 2039 L
623 2000 638 2054 ΙΙ
685 2002 708 2041 1
749 2011 870 2041 uano
902 1997 1147 2042 Heinsius:
1192 1998 1322 2042 uario
1357 2002 1387 2040 0
1434 2000 1449 2055 ΙΙ
1495 2002 1520 2041 2
1559 1997 1719 2065 Iritaq;
1753 2010 1791 2042 e.

99 2057 265 2102 falacis
296 2062 336 2100 R
372 2058 388 2113 ΙΙ
427 2062 453 2101 3
488 2070 653 2101 suaues
685 2062 717 2099 1.
760 2057 767 2115 Ι
808 2071 933 2113 exsp.
966 2061 1027 2100 11:
1065 2070 1166 2114 exp.
1200 2058 1335 2102 ceteri
1382 2058 1390 2114 Ι
1437 2057 1627 2101 hotulus
1658 2058 1725 2102 sic
1754 2060 1794 2098 B.

101 2117 280 2161 ortulus
310 2117 445 2161 ceteri
495 2118 501 2171 Ι
552 2116 705 2173 auras]
738 2116 906 2161 herbas
936 2120 988 2170 Δ,
1021 2129 1134 2161 corr.
1168 2132 1195 2159 a
1236 2118 1252 2174 ΙΙ
1295 2121 1324 2159 4
1354 2116 1597 2161 Florentes
1629 2114 1792 2159 uiridis

100 2202 157 2208 —
189 2176 376 2220 umbras
408 2179 454 2229 0,
488 2188 601 2220 corr.
635 2176 733 2220 edd.
767 2179 862 2220 ant.
906 2177 912 2233 1
955 2175 1074 2232 copl.
1107 2180 1146 2218 R
1183 2177 1198 2233 ΙΙ
1238 2180 1262 2219 5
1297 2175 1417 2219 Tum
1447 2188 1578 2219 mens
1607 2174 1792 2218 Keilius

101 2235 230 2293 (obss.
271 2235 370 2280 erit.
419 2235 472 2279 in
508 2234 651 2291 Prop.
683 2248 734 2291 Ρ.
778 2236 872 2291 13)·
925 2234 1042 2278 Tum
1089 2249 1195 2279 mea
1232 2239 1274 2277 Η
1328 2233 1447 2278 Tum
1486 2247 1542 2278 ea
1579 2237 1663 2276 AB.
1722 2233 1794 2276 Tu

100 2308 207 2339 mea
237 2299 269 2336 1.
315 2293 415 2338 Nec
454 2307 584 2337 mens
627 2293 847 2338 Puetzius
895 2295 902 2349 Ι
953 2293 1137 2349 quaerit
1177 2294 1418 2338 Puetzius:
1462 2293 1692 2349 qu(a)eret
1723 2295 1754 2333 0
1785 2291 1789 2349 Ι

101 2353 201 2398 Nec
238 2366 346 2397 mea
386 2351 488 2408 quit
517 2352 661 2397 Erato
700 2352 906 2410 Scaliqer
949 2353 1085 2397 Nunc
1124 2366 1230 2396 mea
1268 2352 1361 2397 fert
1399 2352 1541 2396 Erato
1572 2351 1797 2395 Heinsius

101 2412 225 2457 Nec
239 2425 347 2456 mea
377 2412 479 2467 quit
512 2411 632 2455 ratio
663 2411 908 2467 Hauptius
950 2413 956 2467 Ι
998 2425 1210 2468 promere
1242 2412 1430 2467 scripsi·
1472 2411 1731 2467 qu(a)erere
1766 2412 1796 2451 0

104 2473 146 2528 (e
168 2472 329 2527 priore
361 2471 554 2526 quaeret
577 2471 742 2526 ortum)
765 2471 782 2527 ΙΙ
805 2475 830 2514 6
864 2472 1004 2526 atque
1037 2483 1119 2514 om.
1145 2475 1177 2512 L
1206 2473 1211 2525 Ι
1239 2470 1355 2514 alios
1386 2473 1540 2512 ΑΗΒ..
1574 2468 1737 2524 aliosq:
1762 2472 1795 2510 1.

103 2529 221 2574 alios
259 2543 376 2586 quae
411 2529 653 2583 Puetzias;
691 2530 767 2573 sed
806 2544 885 2574 aa.
927 2534 1016 2573 6-
1033 2533 1059 2572 8
1100 2530 1162 2574 ad
1195 2529 1367 2574 Catulli
1404 2528 1653 2585 exemplum
1692 2540 1796 2571 con-

102 2589 303 2644 formare
325 2589 622 2645 parenthesin
651 2589 828 2632 monuit
859 2588 1122 2633 Schwabius
1156 2589 1172 2644 ΙΙ
1208 2593 1232 2632 7
1265 2588 1425 2631 Alcius
1450 2591 1492 2630 Η
1532 2589 1540 2645 Ι
1583 2586 1793 2642 suspexit

104 2647 408 2692 Schraderus:
443 2647 682 2704 suspendit
711 2651 846 2689 AER
879 2649 917 2701 (t
943 2649 995 2691 in
1017 2651 1059 2689 Η
1088 2649 1367 2703 suppuncta)
1391 2645 1599 2703 suspensi
1621 2650 1653 2687 L
1687 2645 1793 2688 sub-

103 2705 256 2751 tendit
294 2706 500 2763 Scaliyer
541 2706 547 2763 Ι
590 2706 686 2763 syd.
719 2710 845 2748 ΔΕΒ.
883 2708 898 2763 ΙΙ
937 2710 962 2749 8
997 2705 1234 2762 placidum
1264 2710 1349 2748 AR
1371 2707 1387 2763 ΙΙ
1408 2704 1588 2762 paucis]
1633 2702 1792 2747 multis

103 2770 174 2808 La
219 2767 359 2823 (unde
388 2765 487 2809 Nec
525 2765 714 2809 facilem
752 2765 913 2809 multis
952 2766 1018 2811 ed
1058 2766 1278 2822 quaedam
1318 2767 1430 2822 ant)
1481 2765 1487 2819 Ι
1538 2776 1679 2818 eausa
1712 2765 1754 2803 Η
1777 2761 1792 2820 ΙΙ

105 2829 131 2868 9
163 2824 388 2869 adsistam
421 2826 458 2881 (t
487 2838 632 2881 supra
664 2825 723 2868 ad
753 2838 810 2868 m.
836 2827 888 2881 2)
920 2828 962 2866 Η
998 2826 1005 2879 Ι
1044 2825 1230 2869 dextere
1262 2827 1303 2866 11
1334 2838 1388 2868 m.
1423 2827 1449 2867 1
1481 2825 1497 2880 ΙΙ
1529 2828 1584 2867 10
1616 2821 1670 2865 In
1702 2834 1790 2876 que

105 2887 143 2925 A
176 2886 304 2940 (corr.
339 2885 383 2941 a)
415 2885 559 2944 Inque
590 2888 629 2926 R
656 2886 662 2940 Ι
689 2884 777 2927 rite
810 2882 926 2928 Scho
928 2884 1093 2928 aderas
