1992 3238
363 732 616 792 INDEX
660 730 1210 791 IMITATIONVM
1256 731 1346 790 IN
1395 730 1569 791 CIRI.

252 992 382 1051 [Post
397 992 651 1037 Iohannem
670 991 991 1045 Scffiaderum,
1018 989 1101 1047 qui
1122 989 1300 1047 primus
1318 989 1561 1036 Emendat..
1579 1006 1623 1048 p.
1642 996 1697 1036 33
1715 1006 1816 1048 sqq.

127 1052 300 1097 multos
319 1064 479 1095 uersus
496 1050 782 1095 Catullianos
802 1051 848 1094 et
865 1024 1159 1116 Verg’ihanos
1177 1047 1330 1093 aCiris
1346 1051 1535 1095 auctore
1554 1050 1817 1108 assumptos

126 1109 332 1167 collegit,
350 1109 468 1154 alias
490 1109 780 1154 imitationes
807 1122 911 1152 cum
938 1107 1095 1165 Silligi
1097 1123 1148 1152 us
1172 1110 1222 1152 et
1243 1108 1293 1151 L.
1314 1107 1595 1166 SchwabiuS,
1613 1111 1715 1154 ‘cum
1733 1123 1818 1154 nos

126 1169 176 1214 in
209 1169 534 1213 dissertatione
569 1168 754 1225 saepius
784 1167 979 1212 laudata
1009 1167 1180 1211 multas
1210 1166 1498 1226 adiecimus]

128 1257 245 1303 Ciris
279 1255 767 1311 1-1120a‘nu11,65‚
804 1260 827 1299 1
853 1269 953 1313 sqq.
989 1255 1098 1300 ‘etsi
1127 1268 1194 1299 me
1223 1254 1411 1300 assiduo
1444 1256 1676 1300 defectum
1707 1269 1818 1300 cura

248 1316 406 1360 dolore
431 1316 643 1359 Deuocat,
673 1329 702 1359 a
732 1314 905 1370 doctis,
939 1313 1120 1369 Ortale,
1152 1312 1435 1371 uirginibus,
1469 1315 1567 1359 Nec
1597 1313 1722 1371 potis
1747 1316 1819 1359 est,

247 1374 395 1418 dulcis
419 1387 655 1418 musarum
677 1387 934 1429 eoepromere
956 1373 1078 1418 fetus
1105 1373 1243 1417 Mens
1266 1372 1411 1417 animi
1435 1373 1597 1428 (tantis
1624 1407 1780 1420 .....
1783 1376 1816 1430 ),

246 1433 335 1477 Sed
346 1437 515 1537 Gtamen
545 1432 594 1476 in
624 1432 768 1476 tantis
799 1432 1111 1487 maeroribus,
1145 1431 1324 1487 Ortale,
1357 1431 1521 1476 mitto’
1557 1446 1651 1489 eqs.

124 1494 178 1539 3·
212 1493 311 1537 Cat.
550 1491 715 1548 ‘quam
747 1492 911 1536 suauis
941 1492 1161 1548 expirans
1193 1492 1345 1535 castus
1378 1492 1542 1536 odores
1581 1491 1816 1537 lectulus’.

122 1551 175 1597 4·
210 1552 348 1608 Verg
346 1496 512 1595 6Αἰθιι.
533 1557 576 1606 1,
610 1555 695 1594 693
739 1549 847 1595 ‘ubi
884 1550 1041 1595 mollis
1080 1563 1320 1595 amaracus
1358 1549 1493 1594 illum
1523 1550 1737 1595 Floribus
1770 1552 1819 1595 et

243 1609 369 1655 dulci
400 1609 608 1667 aspirans
639 1609 947 1666 complectitur
975 1608 1173 1653 umbra'.

127 1670 175 1715 7:
210 1669 308 1715 Cat.
336 1673 406 1723 66,
433 1668 500 1748 le‘
514 1667 672 1712 omnia
696 1667 778 1724 qui
799 1669 958 1736 magni
979 1668 1179 1724 dispexit
1201 1667 1378 1712 lumina
1401 1667 1608 1712 mundi'·
1597 1668 1816 1723 ‚Lucret.

243 1727 575 1784 5,1204‘nam
600 1741 705 1771 cum
718 1728 992 1783 suspicimus
1007 1727 1165 1784 mayni
1180 1726 1400 1771 caelestia
1414 1727 1577 1771 mundi
1591 1703 1813 1784 {empla'3

242 1763 380 1843 V’erg.
413 1787 526 1830 Aen.
560 1790 610 1840 9,
644 1790 699 1830 93
736 1786 952 1842 ‘torquet
981 1785 1063 1841 qui
1091 1786 1245 1829 sidera
1276 1786 1471 1830 mundi’.

123 1847 174 1891 9:
206 1847 338 1891 Lucr.
375 1850 420 1900 l,
453 1849 540 1889 418
575 1845 804 1900 ‘coeptum
833 1848 1062 1901 pertexere
1092 1843 1266 1887 dictis’.

124 1904 207 1949 11.
242 1904 340 1949 Cat.
379 1908 454 1960 76,
482 1907 537 1948 13
572 1902 839 1948 ‘difficilest
868 1903 1062 1960 longum
1093 1901 1247 1947 subito
1278 1903 1496 1959 deponere
1526 1903 1754 1948 amorem'.

123 1963 332 2009 12—18:
365 1962 503 2020 Verg.
537 1961 653 2007 Aen.
688 1967 736 2019 8,
769 1966 995 2007 560--683
1033 1962 1087 2007 (ο
1119 1960 1236 2007 mihi
1265 1961 1540 2019 praeteritos
1571 1962 1743 2006 referat,
1773 1963 1816 2007 si

239 2021 450 2079 Iuppiter
480 2035 627 2066 annos
637 2056 828 2078 .....
858 2034 954 2065 non
983 2034 1061 2078 eqo
1091 2021 1238 2066 nunc'
1274 2035 1370 2077 eqs.

123 2080 329 2126 14—17:
378 2081 435 2126 cf.
476 2081 610 2126 Lucr.
652 2086 700 2133 2,
742 2085 766 2124 7
793 2094 891 2137 sqq.
935 2080 1042 2124 ‘sed
1079 2080 1148 2124 nil
1185 2079 1366 2124 dulcius
1405 2081 1476 2125 est
1514 2081 1632 2125 bene
1673 2094 1815 2137 quam

240 2139 422 2184 munita
467 2140 628 2184 tenere
666 2138 807 2195 Edita
853 2139 1066 2183 doctrina
1104 2139 1367 2196 sapientum
1411 2139 1591 2196 templa.
1638 2152 1812 2196 serena,

240 2198 490 2255 Despicere
521 2198 644 2243 unde
677 2212 820 2255 queas
851 2197 968 2242 alios
1000 2197 1267 2254 passimque
1291 2197 1450 2243 uidere
1474 2198 1639 2244 Errare
1671 2199 1814 2255 atque

239 2257 365 2302 uiam
395 2257 602 2314 palantis
635 2271 856 2314 quaerere
887 2255 1048 2302 uitae’.

122 2317 204 2363 16:
238 2317 353 2361 Aen.
389 2322 437 2372 6,
470 2320 556 2360 378
593 2316 747 2373 ‘lonae
777 2317 951 2373 lateque
973 2330 1060 2372 per
1090 2315 1262 2360 urbes'.

121 2377 203 2421 19:
236 2375 349 2421 Aen.
382 2380 431 2430 4,
464 2379 551 2419 330
587 2375 707 2420 “mm
736 2375 972 2432 equidem’.

119 2434 203 2480 29:
237 2435 352 2479 Aen.
388 2440 433 2488 1,
467 2437 554 2479 456
590 2433 748 2478 ‘uidet
777 2433 946 2479 Iliacas
979 2447 1034 2478 ex
1064 2434 1223 2478 ordine
1246 2434 1471 2491 puqnas'.

118 2493 203 2538 41:
241 2493 339 2539 eat.
374 2467 450 2548 68,
484 2497 540 2537 46
584 2493 729 2538 ‘haec
760 2495 891 2538 carta
929 2494 1143 2550 loquatur
1173 2493 1333 2547 anus’;
1374 2492 1512 2550 Verg.
1553 2493 1636 2537 ecl.
1670 2496 1808 2548 6,’12

265 2552 445 2609 payina
474 2552 670 2598 nomen'.

118 2608 236 2656 44—
243 2609 327 2655 46:
362 2609 462 2656 Cat.
489 2615 596 2667 101,
623 2616 647 2656 ’7
674 2625 773 2667 sqq.
809 2611 959 2655 ‘nunc
982 2615 1132 2656 tamen
1154 2611 1329 2655 interea
1357 2611 1486 2666 haec,
1517 2610 1671 2668 prisco
1695 2624 1811 2668 quae

329 2704 339 2715 .
375 2703 407 2724 .,
454 2669 623 2726 Accipe
668 2670 874 2714 fraterno
919 2670 1110 2714 multum
1148 2669 1389 2714 manantia
1435 2669 1588 2722 fletu';
1638 2669 1810 2714 Cinnae

235 2704 402 2785 fragm.
435 2733 461 2772 3
501 2726 563 2773 M
608 2729 752 2773 ‘haec
789 2729 880 2773 tibi
917 2728 1102 2774 Arateis
1142 2729 1334 2773 multum
1370 2729 1570 2786 uiyilata
1607 2727 1810 2772 lucernis

237 2786 478 2832 carmina'.

117 2845 202 2891 48:
224 2846 349 2892 Aen.
384 2850 432 2902 3,
466 2846 601 2889 307(
614 2847 793 2902 maynis
824 2847 1043 2892 exterrita
1070 2845 1325 2891 monstris’.

19 2962 28 2968 ·
117 2904 202 2950 49:
238 2904 403 2962 Georg.
439 2908 486 2960 1,
518 2908 606 2948 404
641 2904 872 2949 ‘sublimis
903 2906 956 2949 in
986 2919 1087 2951 aere
1116 2904 1294 2949 Nisus'.
