1992 3238
193 214 299 267 172
583 215 707 260 XVI.
746 212 1058 258 APPENDIX
1087 212 1479 259 VERGILIANA.

187 421 376 491 Neque
417 423 527 474 ulla
565 424 693 474 uota
732 421 1068 475 semitalibus
1107 421 1220 473 deis
1818 435 1873 475 20

189 493 301 547 Sibi
341 512 456 548 esse
494 494 639 548 facta
676 498 890 564 practer
925 495 1030 548 hoc
1068 493 1448 563 nouissimum,

186 568 423 620 Paterna
460 569 578 621 lora
614 569 1025 638 proximumque
1062 568 1344 636 pectinem.

189 639 293 694 Sed
330 641 462 695 haec
498 642 648 711 prius
687 642 857 695 fuere:
897 658 1040 693 nunc
1080 640 1314 694 eburnea

190 713 454 784 Sedetque
495 715 618 768 sede
658 733 819 784 seque
859 714 1069 766 dedicat
1106 714 1233 782 tibi,

190 787 429 841 Gemelle
468 787 661 842 Castor
699 792 755 841 et
793 787 1020 858 gemelle
1060 784 1317 840 Castoris.
1819 799 1875 838 25

884 901 958 949 xi
998 894 1181 968 (XIV).

192 994 323 1057 Quis
364 994 515 1063 deus,
554 993 771 1062 Octaui,
807 995 862 1046 te
900 993 1059 1046 nobis
1100 991 1362 1045 abstulit?
1403 1010 1474 1046 an
1513 1011 1650 1062 quae

262 1066 464 1120 Dicunt
503 1068 555 1119 a!
595 1067 763 1119 nimio
802 1065 998 1135 pocula
1035 1065 1197 1119 ducta
1233 1065 1418 1119 mero‘?

190 1140 527 1209 ‘Vobiscum‚
560 1141 605 1193 si
639 1143 721 1193 est
753 1140 926 1208 culpa,
957 1139 1093 1192 bibi:
1134 1158 1232 1192 sua
1263 1157 1524 1209 quemque
1556 1143 1806 1194 secuntur

261 1213 423 1268 Fata·
464 1214 592 1283 quid
630 1214 867 1266 inmeriti
907 1213 1113 1266 crimen
1150 1213 1355 1266 habent
1395 1213 1643 1281 cyathi?'

189 1286 402 1356 Scripta
442 1287 656 1356 quidem
694 1290 791 1340 tua
828 1304 928 1340 nos
969 1287 1199 1339 multum
1237 1286 1554 1339 mirabimur
1592 1290 1647 1340 et
1683 1291 1736 1340 te
1849 1302 1875 1340 5

261 1360 503 1430 Raptum
543 1362 621 1414 ob
649 1361 954 1414 Romanam
991 1360 1240 1413 flebimus
1279 1360 1586 1430 historiam,

190 1433 292 1487 Sed
331 1437 393 1487 tu
430 1435 610 1486 nullus
652 1435 770 1489 eris.
831 1434 1094 1502 peruersi,
1134 1429 1317 1498 dicite,
1355 1451 1568 1504 maneS‚

261 1508 420 1561 Hunc
460 1526 739 1577 superesse
778 1508 944 1577 patri,
984 1507 1112 1576 quoi
1149 1506 1255 1560 fuit
1291 1507 1533 1560 inuidia?

190 1581 424 1634 ‘Palladi
463 1598 665 1651 magna
704 1599 832 1634 suae
871 1580 992 1634 uisa
1031 1584 1114 1633 est
1152 1580 1352 1634 iniuria
1391 1580 1533 1633 sedis

301 1701 407 1754 post
447 1701 501 1741 19
541 1697 818 1741 uersiculum
855 1697 1141 1741 intercidisse
1179 1696 1254 1751 (cf.
1289 1695 1454 1740 Camil.
1494 1710 1540 1740 u.
1575 1699 1650 1752 21)
1691 1711 1720 1740 a
1721 1697 1883 1753 *nouit

187 1755 400 1800 Nansius
428 1756 646 1823 supplens
670 1757 718 1799 et
740 1755 858 1800 11660
881 1757 929 1799 et
955 1755 1040 1799 illa
1070 1754 1396 1810 conquiescere
1426 1754 1475 1799 in
1498 1753 1623 1799 latus
1656 1755 1882 1812 (Wayne-

187 1828 270 1859 rus
299 1815 406 1871 pari
437 1813 584 1859 citata
616 1827 799 1858 currere
823 1813 1004 1870 impetu
1027 1813 1172 1870 uiam)
1197 1814 1213 1869 ΙΙ
1235 1818 1294 1858 20
1324 1815 1438 1858 nota
1468 1817 1554 1856 AB
1583 1814 1721 1858 nocte
1751 1818 1847 1856 ΗΠ
1869 1814 1884 1873 Η

188 1878 243 1918 21
265 1873 365 1917 Sibi
387 1874 549 1930 uulyo.
574 1871 683 1917 Tibi
708 1876 738 1914 0
767 1872 774 1931 Ι
800 1872 929 1916 facta
951 1873 1111 1929 uulqo:
1138 1874 1301 1916 sancta
1325 1876 1356 1914 0
1382 1874 1558 1930 (sancte
1581 1874 1636 1927 A)
1664 1873 1670 1929 1
1697 1873 1885 1929 praeter

186 1935 242 1974 B:
291 1933 484 1989 propter
514 1936 538 1974 1
582 1932 598 1987 ΙΙ
643 1936 699 1975 22
731 1931 959 1975 buxinum
988 1933 1061 1975 uel
1114 1930 1339 1988 puxinum
1370 1931 1629 1976 Salmasius
1680 1932 1883 1976 buxeum

186 1991 414 2035 Heinsius
442 1992 458 2048 ΙΙ
489 1994 544 2034 23
579 1991 661 2035 Set
689 1994 723 2032 B
755 1991 771 2046 ΙΙ
801 1995 859 2034 24
893 1989 973 2035 Set
1003 1992 1145 2047 etque
1176 1991 1222 2033 B
1262 1992 1268 2046 Ι
1309 1990 1441 2035 sedes
1472 2003 1590 2046 eque
1621 1993 1710 2032 ΒΗ
1752 1991 1883 2035 sedes

190 2063 338 2105 aeque
368 2053 409 2091 Β,
439 2049 603 2094 soedes
633 2053 851 2105 aequeA

307 2108 372 2151 XI
412 2109 570 2165 (uulyo
601 2108 740 2175 XIV).
805 2108 1021 2153 Cohaeret
1052 2108 1209 2164 priori
1246 2108 1299 2152 in
1331 2111 1361 2149 0
1407 2109 1546 2162 (unus
1574 2111 1614 2149 Β,
1642 2108 1844 2175 separat)
1869 2107 1885 2165 Η

191 2171 214 2210 1
249 2166 406 2211 octaui
435 2170 489 2210 Β·
524 2166 710 2223 optauit
739 2171 763 2209 1
797 2168 803 2224 Ι
838 2180 990 2233 anque
1020 2170 1053 2209 B
1094 2167 1362 2223 anq311ss2
1395 2166 1569 2211 Dicunt
1599 2180 1628 2210 a
1655 2165 1800 2211 nimio
1834 2179 1883 2213 ς·

187 2225 362 2269 Dicunt
393 2224 538 2269 animi
566 2228 599 2268 Β
631 2224 807 2269 Dicunt
837 2225 991 2270 animo
1023 2229 1118 2267 ΗΠ
1152 2224 1381 2269 Dicuntur
1412 2224 1567 2269 animo
1599 2228 1684 2267 AB
1711 2225 1719 2282 Ι
1745 2225 1885 2270 ducta

189 2284 435 2328 Heinsius:
469 2285 585 2328 dura
617 2288 648 2326 0
677 2286 683 2338 Ι
710 2297 815 2328 meo
841 2289 881 2327 Β.
910 2298 1016 2328 mea
1038 2287 1077 2326 A
1098 2285 1114 2339 ΙΙ
1137 2298 1216 2327 uu.
1251 2289 1276 2327 3
1309 2287 1350 2328 et
1380 2289 1408 2327 4
1439 2284 1665 2328 contineri
1700 2282 1885 2328 Octauii

191 2356 453 2400 responsum
483 2344 608 2387 uidit
631 2343 874 2400 Hauptius
895 2344 911 2399 ΙΙ
935 2349 961 2387 3
992 2343 1051 2400 61]
1084 2343 1150 2386 610
1181 2346 1265 2385 ΔΒ.
1292 2342 1298 2400 Ι
1327 2342 1467 2399 culpa
1495 2341 1598 2387 bibi
1620 2343 1882 2399 Hauptius:

193 2401 420 2458 culpabili
450 2406 473 2445 1
503 2402 741 2458 culpabile
772 2405 805 2444 B
833 2402 839 2460 Ι
868 2415 1102 2458 quamque
1133 2405 1176 2443 Η
1212 2401 1418 2458 quidque
1447 2405 1494 2444 n
1524 2403 1751 2458 compend.
1780 2403 1787 2456 Ι
1815 2416 1883 2446 66-

190 2462 395 2518 quuntur
425 2464 567 2503 ΗΠΒ.
610 2462 627 2518 ΙΙ
674 2465 703 2504 4
732 2459 852 2505 Fata
883 2464 987 2503 AB:
1029 2461 1174 2504 Facta
1204 2464 1343 2503 BHM
1391 2461 1398 2516 Ι
1448 2459 1562 2517 quid
1591 2460 1799 2505 inmeriti
1827 2463 1881 2503 B:

190 2519 378 2575 quidem
409 2519 558 2564 menti
586 2524 610 2562 1
637 2520 643 2575 Ι
671 2519 846 2564 crinem
876 2523 973 2562 ΗΠ
999 2522 1007 2577 1
1033 2520 1204 2564 habere
1236 2523 1322 2562 ΔΒ.
1347 2522 1354 2576 l
1383 2519 1529 2564 ciathi
1558 2523 1591 2562 B
1624 2519 1735 2571 ciati
1768 2523 1882 2562 1111:

188 2590 272 2622 om.
306 2582 394 2620 ΑΒ
425 2579 511 2623 lac.
542 2579 621 2623 rel
667 2578 684 2635 ΙΙ
731 2583 756 2623 5
790 2583 896 2623 ante
926 2580 1009 2622 tua
1039 2592 1152 2623 eras.
1187 2594 1217 2622 n
1248 2582 1282 2620 B
1319 2579 1336 2634 ΙΙ
1374 2584 1400 2623 6
1433 2577 1493 2622 ob
1523 2579 1709 2634 scripsi.
1743 2580 1790 2622 et
1815 2578 1873 2636 01

191 2641 217 2682 7
255 2637 336 2681 Set
364 2640 398 2679 B
447 2638 455 2692 1
504 2638 558 2680 tu
595 2638 752 2681 nullus
784 2641 826 2681 Ι.
882 2637 1151 2682 tumulusB
1199 2638 1337 2693 (mide
1373 2638 1428 2681 tu
1466 2639 1621 2681 mutus
1661 2637 1874 2692 corticeo!

193 2698 219 2738 8
251 2695 387 2739 Hunc
418 2698 471 2738 B:
513 2694 649 2740 Nunc
679 2701 703 2739 1
751 2698 759 2752 Ι
809 2696 921 2752 quoi
949 2697 1134 2753 scripsi:
1174 2698 1291 2752 quot
1320 2699 1362 2738 Η
1401 2696 1525 2752 quod
1556 2699 1692 2738 ΔΗΒ
1729 2709 1818 2751 que
1849 2689 1883 2737 Β

193 2767 311 2810 quae
342 2766 370 2801 ς
396 2755 404 2811 Ι
429 2752 608 2798 innidia
629 2758 663 2797 Β
686 2756 702 2811 ss
726 2759 871 2799 9-12
895 2756 948 2800 in
971 2760 995 2798 1
1017 2757 1127 2811 (non
1142 2755 1195 2799 in
1210 2757 1262 2812 Β)
1284 2755 1417 2809 infra
1440 2755 1658 2799 carminis
1680 2754 1789 2797 XIII
1806 2754 1885 2811 (V)

194 2814 315 2857 inter
337 2827 383 2860 u.
410 2817 466 2858 16
490 2816 531 2857 et
553 2817 606 2857 17
632 2817 804 2869 extant,
826 2815 949 2859 unde
970 2814 1059 2859 huc
1080 2814 1319 2858 reuocaui·
1351 2814 1407 2868 cf.
1433 2813 1587 2868 Praef.
1607 2826 1656 2868 p.
1682 2817 1737 2856 39
1755 2826 1874 2870 sqq.
1872 2814 1884 2852 Ι

196 2876 222 2916 9
239 2871 425 2916 Palladi
442 2872 627 2927 scripsi·
654 2870 834 2916 callide
851 2878 874 2916 1
898 2872 1069 2929 (Allide
1086 2875 1143 2928 Β)
1165 2873 1170 2931 1
1190 2885 1364 2929 magna
1375 2885 1485 2915 61166
1497 2871 1601 2915 11166
1613 2872 1684 2914 est
1699 2873 1883 2927 scripsi:

195 2943 332 2987 mage
365 2931 449 2975 sub
480 2930 567 2974 hec
599 2930 756 2987 0(6)611
787 2933 861 2975 est
888 2936 910 2973 1
942 2932 1046 2991 (hec
1070 2935 1109 2972 Β
1139 2931 1224 2975 teli
1247 2934 1301 2987 A)
1329 2933 1335 2986 1
1364 2929 1487 2974 sedis
1510 2931 1694 2986 scripsi·
1729 2930 1840 2974 secli
1863 2934 1885 2972 1
