1992 3238
743 179 820 226 IV.
861 180 1083 226 AETNA.
1651 182 1678 232 1
1689 182 1715 232 1
1726 180 1753 232 1

73 315 348 384 Vastaque
389 332 649 368 concursu
688 313 1005 381 crepitantia
1045 333 1173 367 saxa
1211 316 1428 386 fragoso

73 389 431 458 Ardentisque
470 388 630 440 simul
667 387 915 439 flammae
955 404 1010 438 se
1049 387 1271 440 fiumina
1307 392 1589 457 rumpunt:

72 462 233 522 Haud
273 463 431 514 aliter
468 479 652 530 quam,
691 478 812 513 cum
851 477 1022 526 prono
1062 460 1272 513 iacuere
1302 462 1411 514 'sub
1453 465 1635 516 austro

72 537 186 589 Aut
225 536 474 604 aquilone
515 534 752 586 fremunt
789 533 981 601 siluae,
1021 531 1152 585 dant
1190 534 1410 587 brachia
1447 535 1587 589 nodo
1671 547 1758 590 365

71 609 346 678 Implicita
384 609 527 660 inter
565 625 621 660 se
658 606 804 658 tritis
842 606 1093 659 incendia
1130 607 1309 658 ramis,

71 682 187 735 Nee
223 686 279 735 te
318 681 592 750 decipiant
629 679 814 733 stolidi
852 680 1134 733 mendacia
1171 680 1345 748 uulgi,

72 755 384 808 Exhaustos
426 771 633 807 cessare
674 753 846 822 sinus,
885 753 1011 805 dare
1049 756 1318 822 tempora,
1358 772 1545 807 rursus

73 828 150 881 Vt
186 829 404 897 rapiant
440 827 583 880 uires
622 829 974 896 repetantque
1012 828 1071 879 in
1108 827 1314 895 praelia
1351 827 1496 879 uicti.

73 902 222 955 Pelle
259 902 412 955 nefas
453 901 635 953 animo
674 900 1089 969 mendacemque
1130 918 1261 953 exue
1299 900 1523 953 famam:
1675 915 1760 954 370

72 974 199 1029 Non
238 978 321 1028 est
359 975 554 1026 diuinis
593 977 708 1026 tam
747 974 962 1026 sordida
998 974 1158 1027 rebus
1200 977 1412 1043 egestas
1421 1016 1435 1043 ,

71 1048 187 1101 Nec
225 1067 421 1117 paruas
460 1047 732 1100 mendicat
770 1065 905 1115 opus
943 1065 1044 1100 nec
1083 1050 1344 1117 conrogat
1382 1066 1553 1101 auras

71 1122 295 1175 Praesto
335 1124 463 1174 sunt
502 1138 695 1189 operae
734 1124 1020 1174 uentorum
1060 1121 1309 1173 examina
1348 1140 1579 1189 semper:

75 1194 251 1248 Causa
288 1198 465 1263 patet,
504 1212 640 1263 quae
678 1199 895 1262 rumpat
932 1194 1037 1247 iter
1075 1198 1339 1264 cogatque
1378 1196 1594 1248 morari.

77 1268 248 1338 Saepe
286 1269 483 1337 premit
521 1268 702 1321 fauces
741 1268 956 1337 magnis
996 1271 1242 1321 extructa
1279 1269 1448 1321 ruinis
1676 1282 1761 1323 375

74 1340 369 1411 Congeries
410 1341 714 1410 clauditque
751 1341 871 1394 uias
909 1340 1223 1394 fundamine
1263 1342 1330 1394 ab
1369 1343 1478 1394 imo

72 1415 168 1484 Et,
209 1416 383 1484 spisso
422 1415 591 1467 ueluti
629 1417 796 1483 tecte,
836 1415 936 1467 sub
975 1415 1208 1483 pondere
1247 1419 1462 1483 pressat

76 1488 164 1542 Sic
202 1489 453 1541 inhibens
493 1491 684 1542 uentos
724 1504 895 1541 cursu,
957 1491 1074 1540 tum
1112 1488 1311 1557 frigida
1350 1489 1522 1542 monti

103 1747 106 1749 Δ
194 1726 281 1766 362
319 1721 601 1778 crepitantia
632 1721 853 1765 Iacobus:
901 1719 1186 1777 trepidantia
1218 1724 1249 1762 0
1300 1722 1306 1775 Ι
1354 1720 1540 1778 fragoso
1579 1722 1764 1778 scripsi:

72 1779 271 1838 fragoris
303 1784 334 1823 0
366 1782 383 1837 ΙΙ
412 1785 499 1824 363
531 1780 850 1834 Ardentesque
882 1780 1022 1836 wulyo
1055 1779 1063 1836 Ι
1097 1778 1312 1823 flammae
1343 1792 1391 1824 se
1422 1793 1520 1836 eqo:
1554 1781 1766 1826 flammas

77 1853 131 1884 ac
164 1843 195 1882 0
238 1839 454 1883 flammae
487 1852 535 1882 se
569 1853 624 1883 ac
653 1838 896 1894 Hauptius
944 1838 950 1892 Ι
999 1837 1190 1883 flumina
1231 1837 1423 1883 Witius:
1465 1839 1664 1884 fulmina
1695 1839 1764 1896 011

76 1903 164 1943 364
204 1899 329 1943 astro
363 1901 406 1940 Η
441 1911 499 1941 m.
539 1902 566 1941 1
613 1899 629 1954 ΙΙ
673 1902 760 1942 366
792 1895 1027 1953 Implicita
1055 1896 1318 1953 Hauptius:
1365 1897 1663 1954 Implicit(a)e
1695 1901 1727 1941 0
1754 1897 1760 1956 Ι

73 1957 196 2001 inter
226 1971 276 2001 se
306 1957 473 2012 scripsi
481 1974 492 2000 ε
524 1955 679 2012 h(a)ec
711 1957 904 2012 serpunt
934 1959 965 1998 0
1006 1970 1061 2000 ac
1101 1957 1293 2012 serpunt
1331 1955 1668 2012 Wer‘nsdorfius
1710 1970 1766 2001 ac

73 2015 259 2060 feruent
290 2016 490 2060 Iacobus
520 2029 575 2059 ac
607 2014 776 2071 stirpes
807 2014 1050 2071 Hauptius
1077 2014 1083 2070 Ι
1109 2013 1235 2059 tritis
1265 2015 1450 2070 scripsi:
1489 2014 1661 2060 iunctis
1693 2021 1764 2062 ος

73 2074 243 2119 uinctis
264 2077 307 2116 Η
328 2075 345 2130 ΙΙ
359 2078 467 2130 post
491 2078 578 2118 366
601 2074 828 2118 nonnulla
850 2074 1133 2119 intercidisse
1148 2074 1365 2118 uidentur
1387 2074 1403 2130 ΙΙ
1426 2078 1512 2119 368
1535 2076 1765 2130 examtos,

73 2134 106 2177 h
137 2146 382 2190 suprascr„
414 2138 443 2176 0
487 2133 504 2189 ΙΙ
550 2137 635 2177 369
669 2132 732 2176 Vt
762 2133 907 2176 Itali:
939 2131 1037 2176 Aut
1067 2136 1146 2175 GH
1178 2132 1316 2176 Haud
1347 2145 1375 2179 ς
1425 2137 1430 2187 1
1481 2134 1766 2188 redeantque

0 2227 1 2232 ,
75 2191 356 2237 Schraderws
377 2193 394 2247 ΙΙ
416 2196 503 2236 370
536 2191 691 2236 animo
719 2192 879 2248 uulyo:
911 2191 1056 2235 animi
1080 2195 1111 2233 0
1141 2193 1146 2246 Ι
1172 2190 1411 2235 flammam
1441 2195 1524 2238 Ης
1547 2193 1562 2248 ΙΙ
1585 2197 1670 2236 371
1696 2192 1769 2236 di·-

74 2250 197 2296 uinis
228 2251 328 2295 edd.
361 2255 480 2296 ant.:
512 2249 691 2295 diuitiis
723 2254 755 2292 0
788 2249 908 2306 (-ciis
940 2254 998 2305 Η)
1027 2252 1034 2304 Ι
1060 2251 1160 2294 tam
1180 2253 1251 2292 H:
1292 2249 1389 2294 iam
1419 2256 1491 2298 ος
1519 2254 1525 2307 Ι
1553 2251 1767 2307 aegestas

76 2315 104 2352 0
144 2310 329 2366 agestas
359 2313 403 2351 Η
446 2311 462 2366 ss
507 2314 592 2354 372
623 2322 794 2365 paruas
825 2315 873 2352 cz
907 2322 1052 2366 paruo
1085 2312 1168 2356 Ης
1217 2313 1223 2364 Ι
1273 2322 1390 2365 opus
1420 2323 1518 2366 eqo:
1553 2323 1664 2365 opes
1696 2313 1727 2351 0
1756 2309 1762 2367 Ι

75 2382 209 2413 aures
241 2372 283 2410 Η
312 2369 329 2424 ΙΙ
359 2371 445 2412 378
478 2381 616 2424 opere
647 2372 747 2410 GH:
784 2369 914 2424 operi
1006 2369 1022 2424 ΙΙ
1054 2372 1142 2413 374
1173 2367 1325 2412 Causa
1353 2369 1487 2424 patet
1516 2369 1615 2413 cdd.
1648 2371 1765 2412 ant:

78 2426 226 2472 Causa
255 2427 376 2471 latet
406 2431 435 2468 0
469 2428 615 2482 (E‘m.
640 2428 694 2482 ,2)
726 2426 875 2471 Cause
905 2380 1058 2471 laient
1086 2431 1170 2474 Ης
1197 2430 1202 2481 1
1231 2439 1350 2482 quae
1381 2428 1571 2483 rumpat
1598 2426 1690 2470 iter
1713 2431 1764 2470 c:

78 2487 346 2542 qu(a)erunt
375 2485 552 2542 pariter
581 2488 659 2532 Ης
697 2486 712 2542 ΙΙ
751 2489 837 2529 376
868 2485 1139 2530 fundamine
1177 2486 1363 2542 scripsi:
1402 2485 1657 2530 luctamine
1687 2488 1767 2532 Ης

75 2545 308 2588 luctamur
350 2544 430 2600 (al.
468 2545 545 2587 tur
583 2556 730 2599 supra
759 2545 891 2600 mur)
914 2549 943 2586 0
988 2546 1004 2600 ΙΙ
1050 2549 1135 2589 377
1168 2543 1230 2588 Et
1260 2543 1405 2600 spisso
1437 2544 1659 2588 Iacobus:
1704 2543 1768 2587 Et

79 2603 222 2648 scisso
255 2608 283 2646 0
315 2602 496 2648 Escisso
527 2606 570 2645 11
602 2603 792 2658 (similia
823 2603 868 2659 ς)
897 2604 903 2658 Ι
930 2604 1114 2659 pressat
1143 2616 1242 2659 eqo:
1274 2604 1524 2659 pr(a)estat
1555 2606 1586 2645 0
1617 2604 1769 2646 restat

80 2662 285 2718 Scaliger
316 2664 465 2707 cessat
486 2662 546 2705 A.
574 2662 629 2706 de
650 2661 783 2718 Rooy
812 2675 1028 2718 pressans
1061 2662 1263 2707 Iacobus
1283 2662 1301 2717 ΙΙ
1323 2667 1409 2707 378
1442 2661 1519 2706 Sic
1548 2661 1766 2705 inhibens

79 2721 245 2765 uentos
277 2735 414 2765 cursu
444 2721 629 2776 scripsi:
661 2720 798 2764 Haud
829 2719 995 2764 similis
1026 2722 1209 2765 teneros
1235 2735 1370 2765 cursu
1392 2726 1421 2763 0
1445 2725 1499 2776 et,
1530 2721 1626 2765 nisi
1647 2720 1768 2776 quod

80 2794 161 2825 cur
192 2793 262 2835 se,
294 2783 400 2834 Ηςς
439 2780 559 2824 inter
596 2780 737 2824 uaria
774 2780 1018 2823 conamina
1055 2780 1200 2825 solum
1231 2780 1454 2825 mentione
1484 2780 1674 2837 diynum
1705 2782 1768 2823 est

81 2843 373 2884 commentum
404 2839 440 2881 I
439 2838 568 2883 acobi
609 2837 748 2882 Haud
786 2837 898 2882 sinit
935 2837 1114 2883 hiscere
1153 2852 1231 2883 eos
1269 2852 1405 2884 cursu
1446 2840 1550 2895 (quo
1588 2840 1767 2895 accepto

82 2911 159 2942 eas
191 2912 371 2942 sursum
402 2897 662 2953 Hauptius)
691 2899 697 2950 Ι
723 2898 826 2941 tum
858 2897 1079 2942 Iacobus:
1112 2911 1217 2941 eum
1251 2901 1282 2940 0
