1992 3238
782 190 861 235 lv.
900 191 1120 238 AETNA.
1443 197 1449 203 ’
1722 195 1792 248 93

103 326 343 380 Plurima
381 343 506 394 pars
548 342 737 378 scenae
778 342 840 377 ac
878 343 1056 377 rerum
1096 331 1177 380 est
1215 328 1450 382 fallacia:
1491 332 1642 382 uates

106 399 214 454 Sub
253 399 413 452 terris
452 399 640 469 nigros
679 399 924 451 luserunt
963 402 1195 452 carmine
1235 421 1421 455 manes

105 474 281 541 Atque
319 473 460 526 inter
499 473 704 525 cineres
744 471 889 524 Ditis
930 472 1192 540 pallentia
1232 493 1421 545 regna,

104 546 318 599 Mentiti
357 549 506 599 uates
547 544 764 615 Stygias
804 545 1081 614 undasque
1121 565 1404 617 canesque3

107 619 182 673 Hi
221 620 418 688 Tityon
457 623 697 672 strauere
734 636 948 672 nouena
986 620 1044 671 in
1082 620 1268 689 iugera
1304 621 1544 687 foedum,
1735 636 1791 676 80

108 692 414 746 Sollicitam:
450 693 591 745 idem
628 697 683 744 te
723 693 943 761 siccum,
981 692 1232 762 Tanta-le,
1271 712 1403 746 cena

107 765 471 836 Sollicantque
512 766 625 834 siti3
666 765 866 835 Minos,
905 769 1104 835 tuaque
1114 809 1128 835 ‚
1166 767 1363 835 Aeaee,
1401 768 1459 820 in
1498 769 1700 821 umbris

103 840 231 893 Iura
269 843 471 893 canunt
510 839 755 908 idemque
794 843 977 893 rotant
1015 841 1218 894 Ixionis
1258 842 1466 909 orbem3

108 913 378 982 Quidquid
417 917 472 966 et
510 916 594 966 est
630 914 792 966 tellus
832 914 957 966 falsi
997 914 1102 967 sibi
1140 916 1376 984 conscia,
1414 917 1634 967 terrent.

104 986 219 1040 Nec
255 990 337 1055 tu,
375 990 545 1057 terra,
583 987 737 1040 satis:
779 988 1124 1055 speculantur
1161 989 1382 1042 numina
1422 989 1604 1041 diuum
1733 1002 1789 1042 85

105 1059 219 1113 Nec
259 1063 505 1114 metuunt
544 1061 728 1114 oculos
770 1061 947 1114 alieno
989 1062 1270 1115 admittere
1310 1063 1479 1115 caelo:

105 1134 322 1188 Norunt
358 1135 503 1188 bella
541 1134 722 1202 deum,
762 1138 964 1188 norunt
1003 1136 1316 1190 abscondita
1355 1135 1511 1189 nobis

104 1206 371 1278 Coniugia
411 1211 466 1261 et
502 1208 642 1261 falsa
680 1208 929 1278 quotiens
970 1210 1069 1262 sub
1109 1210 1348 1279 imagine
1388 1212 1573 1278 peccet

102 1281 311 1334 Taurus
351 1282 409 1335 in
446 1281 724 1351 Europen,
762 1283 820 1334 in
858 1283 1060 1336 Ledam
1100 1284 1356 1336 candidus
1396 1283 1505 1335 ales

102 1352 364 1424 Iuppiter,
403 1359 464 1408 ut
502 1355 720 1409 Danaae
760 1357 1029 1424 pretiosus
1069 1357 1280 1409 fluxerit
1318 1357 1503 1409 imber.
1733 1370 1790 1410 90

102 1427 302 1481 Debita
340 1430 670 1482 carminibus
708 1430 933 1482 libertas
973 1430 1104 1500 ista3
1146 1431 1237 1483 sed
1279 1431 1453 1483 omnis

221 1563 275 1603 76
309 1572 472 1603 scenae
498 1574 551 1603 ac
578 1561 660 1616 (et)
684 1560 869 1615 scripsi:
904 1564 1164 1607 sceneafle
1188 1574 1351 1604 scenae
1369 1565 1434 1603 GS
1462 1560 1468 1618 Ι
1496 1574 1658 1604 uerum
1683 1560 1795 1604 Sca-

105 1618 217 1675 liyer
246 1620 408 1662 uatum
431 1618 737 1663 Bormansius
761 1623 802 1662 et
824 1618 1067 1674 Hauptius
1094 1621 1100 1674 1
1127 1619 1298 1663 salacia
1320 1623 1362 1661 H
1384 1634 1442 1663 m.
1467 1623 1493 1662 1
1520 1617 1705 1662 fallatia
1730 1624 1755 1660 S
1779 1618 1794 1677 Η

103 1681 158 1721 77
194 1676 432 1722 Subtemis
456 1681 498 1720 Η
525 1678 771 1732 [luserunt
799 1679 985 1733 scripsi:
1018 1678 1238 1722 uiderunt
1269 1682 1300 1720 0
1331 1677 1428 1722 uid.
1463 1677 1658 1722 crimina
1682 1677 1792 1721 Sca-

103 1736 215 1792 liyer
245 1735 380 1793 nigro
411 1736 504 1780 uid.
539 1736 724 1793 agmine
756 1737 999 1793 Hauptius
1028 1738 1044 1794 Ι]
1076 1741 1130 1781 78
1162 1736 1283 1781 intet
1313 1741 1355 1779 Η
1385 1751 1445 1782 m,
1476 1741 1502 1780 1
1539 1741 1546 1792 1
1580 1736 1793 1792 palentia

101 1798 144 1837 Η
173 1809 228 1839 m.
261 1799 287 1839 1
327 1796 344 1852 [1
383 1800 436 1840 79
470 1808 612 1839 naues
644 1795 851 1853 Scaliger
891 1798 898 1849 Ι
940 1796 1103 1853 stigias
1134 1800 1212 1838 ΗΒ
1255 1797 1261 1851 1
1305 1809 1534 1852 canesque
1566 1795 1794 1851 Scaliyer:

102 1855 320 1898 canentes
346 1858 377 1896 0
400 1855 416 1911 ΙΙ
439 1858 496 1898 80
527 1855 597 1899 nil
626 1855 721 1899 ‘nisi
743 1855 787 1898 H
818 1855 991 1910 reliquo
1021 1868 1158 1899 uersu
1189 1856 1350 1899 omisso
1380 1855 1512 1899 habet
1535 1859 1562 1896 S
1590 1853 1598 1911 1
1625 1853 1703 1897 Hii
1728 1859 1756 1896 c
1784 1854 1789 1912 l

102 1912 244 1956 tition
274 1917 317 1955 Η
366 1915 371 1955 Ι
422 1915 630 1957 strauere
669 1927 854 1958 nouena
893 1914 1156 1970 Hauptius:
1196 1915 1384 1971 p(o)ena
1423 1915 1630 1958 strauere
1670 1917 1795 1960 ῦΗς
1884 1958 1886 1961 ,

103 1972 324 2028 (stt-auem
355 1975 397 2014 11
428 1987 484 2016 m.
516 1975 563 2028 1)
614 1973 620 2027 Ι
669 1973 824 2017 fusum
855 1972 1061 2029 Scaliyer
1106 1974 1122 2029 ΙΙ
1167 1976 1222 2016 81
1256 1986 1338 2017 om.
1372 1976 1414 2014 Η
1444 1987 1500 2016 m.
1533 1976 1559 2015 1
1612 1973 1618 2027 Ι
1668 1972 1795 2016 idem

100 2031 285 2086 scripsi:
325 2030 397 2074 illi
429 2035 460 2073 0
500 2044 672 2087 magna
702 2032 823 2076 Itali
863 2032 1000 2087 (uncle
1038 2046 1246 2076 macrum
1277 2033 1336 2075 A.
1370 2033 1424 2076 de
1454 2031 1586 2089 Rooy
1626 2031 1795 2088 stagno

103 2115 155 2121 —
188 2089 328 2146 pleno
363 2090 700 2145 Wernsdorsius
730 2091 855 2135 malo
882 2117 936 2122 —
957 2089 1116 2135 Poeno
1142 2091 1358 2145 Iacobus)
1389 2090 1489 2134 illic
1513 2090 1757 2146 Hauptius
1789 2089 1793 2145 ἱ

101 2147 272 2192 siccum
319 2150 410 2202 (uel
456 2151 666 2206 curuum)
714 2149 939 2207 Scaliger:
989 2150 1162 2194 circum
1201 2153 1254 2203 0,
1303 2149 1423 2206 quod
1467 2149 1648 2204 frustra
1695 2149 1794 2192 coll.

106 2207 288 2251 Tibullo
318 2209 339 2251 I
371 2213 420 2263 3,
454 2213 507 2252 77
541 2209 794 2262 defendant
819 2210 825 2264 Ι
855 2223 968 2253 cena
998 2209 1164 2265 scripsi
1194 2209 1293 2253 coll.
1319 2208 1435 2252 Hor.
1469 2208 1597 2266 epod.
1625 2212 1693 2261 17,
1714 2212 1790 2252 66:

103 2276 256 2322 poena
287 2271 356 2312 σς
386 2280 507 2322 poen
540 2268 638 2322 (ult.
672 2268 758 2312 litt.
791 2269 1010 2324 abscissa)
1044 2272 1070 2309 s
1101 2268 1225 2324 pena
1245 2272 1287 2310 Η
1316 2267 1468 2324 pomis
1499 2266 1558 2309 A.
1585 2267 1639 2310 de
1661 2266 1794 2324 Rooy

102 2337 242 2381 pomo
273 2325 516 2380 Hauptius
546 2339 688 2382 poma
720 2327 900 2371 Munro
937 2328 954 2384 ΙΙ
992 2332 1047 2372 82
1082 2326 1350 2371 Sollicitant
1383 2325 1536 2381 questi
1567 2329 1609 2366 11
1639 2339 1695 2368 m.
1728 2329 1754 2368 1
1785 2325 1789 2381 Ι

100 2386 244 2440 tuque
278 2389 303 2426 S
347 2384 354 2439 Ι
397 2397 564 2452 aeacce
597 2389 625 2426 c
650 2391 764 2429 ‘cece
797 2386 925 2442 (eace
955 2400 1012 2430 m.
1045 2387 1095 2442 2)
1127 2389 1170 2427 11
1213 2387 1229 2442 ΙΙ
1276 2390 1333 2430 84
1366 2383 1487 2437 Quid
1521 2383 1653 2440 (quid
1685 2384 1791 2429 add.

101 2456 158 2487 m.
191 2444 242 2498 2)
275 2446 317 2485 Η
357 2441 588 2499 Quicqmd
620 2448 686 2486 cs
735 2445 741 2495 Ι
792 2447 862 2488 est
899 2445 1039 2489 tellus
1077 2445 1259 2500 scripsi:
1297 2443 1491 2487 interius
1526 2446 1556 2484 0
1599 2441 1792 2487 inferius

101 2501 461 2546 Friesemannus
506 2502 702 2547 ulterius
749 2503 785 2545 I
783 2504 950 2548 acobus
1002 2503 1052 2547 in
1105 2503 1242 2547 terris
1295 2515 1372 2559 eqo
1426 2503 1534 2545 olim
1580 2502 1794 2546 accedens

104 2560 336 2605 Munroni
373 2562 454 2617 qui
491 2562 636 2605 terret
673 2562 840 2606 conicit
877 2567 982 2606 ante
1011 2563 1154 2606 unius
1184 2574 1344 2605 uersus
1382 2562 1597 2604 lacunam
1646 2562 1652 2615 Ι
1705 2559 1796 2604 sibi

102 2619 286 2664 conscia
317 2624 402 2662 cs:
437 2619 671 2664 consortia
701 2624 784 2668 115
817 2620 824 2678 1
857 2622 1036 2666 terrent
1068 2624 1119 2663 0:
1159 2621 1287 2665 terra
1318 2620 1440 2664 Itali
1471 2621 1487 2676 ΙΙ
1522 2622 1579 2663 85
1611 2619 1710 2664 Nec
1741 2620 1796 2663 tu

102 2682 187 2721 cs:
228 2678 327 2724 Nec
365 2680 419 2722 ut
455 2682 497 2721 Η
546 2682 552 2734 Ι
600 2680 801 2724 conicias
839 2682 912 2724 sat
950 2694 998 2724 es
1044 2681 1060 2735 ΙΙ
1106 2684 1162 2724 86
1201 2680 1385 2724 metunt
1420 2683 1448 2720 c
1498 2679 1504 2734 1
1554 2677 1791 2723 inmittere

101 2737 301 2783 Iacobus
345 2739 361 2794 ΙΙ
406 2743 461 2783 87
501 2738 684 2782 Horunt
720 2742 762 2780 Η
799 2753 855 2783 m.
889 2743 914 2782 1
966 2740 972 2794 1
1021 2738 1155 2782 uobis
1193 2742 1255 2794 113
1302 2737 1472 2781 nimbis
1512 2737 1756 2794 Hauptias
1779 2736 1794 2793 Η

101 2799 158 2840 88
190 2799 353 2853 peccet
382 2796 683 2842 Schraderus:
716 2799 912 2854 peccent
944 2801 974 2839 0
1009 2798 1025 2854 ΙΙ
1060 2802 1115 2841 89
1149 2797 1361 2842 Thaums
1396 2797 1426 2841 i.
1461 2810 1684 2853 europem
1715 2799 1757 2838 Η
1784 2795 1789 2852 1

99 2854 285 2921 laedam
324 2861 352 2898 c
397 2857 414 2912 ss
460 2861 516 2900 90
556 2856 733 2914 Iupiter
770 2860 812 2898 Η
860 2858 867 2912 Ι
918 2856 1066 2901 danae
1107 2860 1186 2899 ΟΠ
1225 2856 1345 2916 dane
1386 2861 1412 2898 8
1458 2857 1474 2912 ΙΙ
1521 2860 1574 2899 91
1621 2854 1791 2912 omnis]

103 2914 264 2959 ismnis
297 2920 323 2958 S
