1992 3238
744 235 1136 282 VERGILIANA.
1710 234 1780 287 35

100 374 164 426 de
198 373 406 442 origine
446 370 624 443 gentis
657 371 935 424 Romanae
966 370 1166 439 libello,
1205 371 1354 424 cuius
1393 370 1554 423 fidem
1592 388 1783 439 nuper·

97 448 233 500 rime
272 447 407 499 bene
447 445 714 498 stabiliuit
751 444 812 497 B.
851 441 1101 513 SeppiUS,
1140 444 1226 496 bis
1265 442 1394 514 (XII
1419 444 1454 496 2
1486 446 1540 497 et
1568 443 1699 496 XIX
1725 443 1782 511 5)

101 520 299 573 adferri
330 519 572 572 Marcum
605 517 892 572 Octauium
922 516 1255 570 historicum.
1295 516 1627 585 eundemque
1658 535 1781 586 poe·

95 593 235 647 ticae
292 592 558 646 studuisse
614 590 851 644 ostendit
904 590 1156 643 carminis
1212 591 1390 659 quarti
1443 609 1493 645 11.
1534 592 1563 643 7
1575 611 1588 658 3
1642 591 1783 644 unde

97 670 324 735 apparet
368 684 479 719 non
523 666 704 734 inepte
752 666 1040 733 praeeunte
1087 662 1144 716 P.
1191 662 1435 716 Victorio
1486 666 1618 729 [1101.
1663 665 1782 718 lect.

94 739 173 792 IX
215 741 268 806 7]
310 739 496 792 doctos
536 738 882 791 accersiuisse
922 735 1204 790 Octauium
1252 736 1406 788 illum
1445 737 1513 789 ab
1553 737 1782 792 Horatio

98 815 221 880 [sat.
251 812 279 865 I
322 813 411 882 10,
451 813 545 879 82]
585 812 725 864 inter
764 811 898 864 alios
938 811 1111 864 claros
1151 811 1266 863 eius
1307 810 1427 868 aeui
1465 813 1616 862 uates
1657 829 1782 864 01111-

95 890 375 940 meratum.
423 903 579 955 quem
614 885 755 954 quod
779 885 889 937 iam
913 884 1265 953 prouectioris
1291 883 1485 936 aetatis
1507 883 1782 937 hominem

2 956 17 968 ’
96 959 262 1013 fuisse
293 959 574 1029 probabile
606 961 702 1027 est,
733 976 842 1011 non
873 958 1056 1010 obstat
1086 958 1372 1027 quominus
1406 957 1629 1009 eundem
1664 975 1783 1010 cum

93 1036 281 1087 nostro
338 1031 563 1086 Octauio
620 1032 841 1085 aiamUS.
908 1031 998 1084 hic
1051 1031 1193 1084 enim
1247 1049 1367 1084 cum
1414 1024 1645 1083 Athenis
1701 1028 1784 1100 (ut

92 1125 234 1159 nunc
281 1106 499 1159 alterius
546 1105 796 1158 carminis
842 1104 948 1157 fine
994 1105 1246 1158 restituto
1302 1103 1576 1175 discimus)
1629 1109 1783 1174 patre

94 1179 384 1249 superstite
446 1179 519 1232 sit
579 1182 846 1246 mortuuS,
907 1179 1178 1231 inuersum
1240 1181 1464 1231 naturae
1527 1179 1782 1247 ordinem,

95 1271 254 1323 quem
294 1253 587 1324 designant
624 1252 792 1305 uerba
832 1251 1095 1320 ‘peruersi
1135 1251 1373 1316 manes',
1412 1251 1536 1304 inde
1577 1253 1781 1321 explico

95 1326 237 1396 quod
275 1327 418 1379 filius
449 1327 508 1378 in
538 1327 655 1395 ipso
688 1325 960 1394 perfectae
994 1326 1185 1378 aetatis
1225 1325 1354 1379 flore
1386 1322 1489 1394 (ex.
1524 1343 1600 1394 gr.
1640 1327 1784 1378 intra

93 1400 601 1470 quinquagesimum
633 1402 688 1452 et
719 1399 1112 1468 sexagesimum
1146 1397 1370 1467 annum)
1412 1403 1535 1451 ante
1573 1402 1782 1468 patrem

92 1474 423 1542 decrepitum
448 1471 945 1543 (septuagenarium
968 1473 1055 1525 uel
1086 1471 1513 1543 octogenarium)
1546 1491 1574 1524 e
1607 1472 1781 1526 medio

93 1550 175 1600 est
207 1546 466 1599 sublatus
515 1545 608 1598 sed
639 1544 897 1598 Octauius
928 1545 1088 1598 Musa
1121 1546 1181 1609 si,
1219 1549 1280 1598 ut
1311 1564 1375 1599 ex
1405 1545 1623 1599 Horatii
1661 1546 1780 1599 1000

91 1622 391 1674 coniectare
429 1620 572 1687 licet,
611 1619 850 1688 aequalis
889 1619 994 1672 fuit
1031 1619 1275 1690 Vergilii,
1314 1638 1421 1672 non
1460 1619 1615 1672 uideo
1657 1638 1784 1688 quo·

91 1694 250 1747 modo
289 1694 379 1746 hic
417 1693 465 1745 ei
505 1693 715 1746 mittere
753 1694 990 1761 potuerit
1028 1711 1243 1747 carmen
1281 1692 1359 1746 IV
1393 1691 1590 1763 (XIII),
1630 1694 1780 1746 cuius

91 1767 216 1820 finis
278 1767 513 1820 hominis
570 1765 794 1820 alicuius
848 1767 1073 1820 iunioris
1127 1767 1184 1819 in
1241 1767 1505 1821 seniorem
1549 1784 1780 1820 uenera—

0 1851 1 1867 ³
90 1841 328 1894 bundum
383 1841 622 1893 animum
678 1839 934 1910 ostendit,
988 1841 1150 1909 plane
1200 1845 1262 1893 ut
1307 1839 1506 1895 Culicis
1560 1841 1781 1909 prohoe-

95 1915 286 1983 mium,
334 1914 586 1982 cuiusque
632 1913 845 1966 initium
887 1914 1162 1967 hominem
1201 1933 1309 1968 non
1349 1914 1554 1967 Romae
1596 1917 1690 1967 aut
1727 1916 1782 1966 in

97 1987 259 2040 Italia
303 1990 608 2040 uersantem
653 1988 833 2040 nescio
883 2006 988 2057 quo
1035 1991 1194 2056 pacto
1235 1988 1367 2041 mihi
1413 1987 1639 2055 indicat,
1689 1988 1781 2040 sed

94 2078 215 2113 eum
251 2061 341 2129 qui
373 2059 617 2112 Athenas
648 2060 935 2114 relicturus
967 2061 1180 2131 iamque
1209 2061 1372 2115 Asiae
1403 2062 1578 2114 claras
1609 2064 1780 2114 terras

89 2134 305 2187 uisurus
344 2133 611 2187 ualedicat
642 2132 882 2188 Octauio.
929 2135 1079 2188 cuius
1118 2135 1177 2187 in
1217 2135 1431 2192 obitum
1465 2152 1679 2188 carmen
1702 2135 1781 2188 XI

91 2206 269 2278 (XIV)
309 2207 562 2276 quoniam
595 2207 827 2277 aliquem
860 2226 924 2261 ex
954 2226 1178 2262 numero
1210 2209 1579 2263 Romanorum
1613 2208 1779 2262 Athe-

92 2281 175 2333 nis
215 2281 662 2334 commorantium
699 2281 893 2335 fecisse
932 2283 1047 2336 ueri
1079 2283 1251 2336 simile
1291 2286 1387 2352 est,
1426 2282 1612 2336 itidem
1645 2282 1775 2336 Ver-

92 2354 225 2424 gilio
267 2354 558 2407 attribuere
595 2373 706 2408 non
743 2356 886 2408 licet.
1344 2356 1350 2360 ’

239 2425 569 2481 ‘Catalecta'
615 2446 812 2481 nomen
858 2429 942 2482 his
982 2429 1113 2483 XIV
1157 2430 1445 2498 poematiis
1484 2429 1650 2500 uulgo
1699 2431 1779 2482 in·

90 2501 260 2554 ditum
307 2519 417 2554 non
470 2501 549 2554 ita
601 2501 755 2554 firma
799 2503 991 2555 nititur
1038 2504 1360 2556 auctoritate
1406 2501 1612 2556 Donati
1662 2500 1776 2574 (qui

88 2592 217 2627 num
272 2574 376 2628 hac
436 2575 490 2626 in
547 2592 604 2627 re
661 2573 974 2629 Suetonium
1031 2577 1219 2630 reddat
1277 2576 1597 2645 perdubium
1657 2575 1777 2647 est),

89 2649 471 2702 nonnullorum
507 2646 680 2718 Seruii
713 2649 971 2720 codicum,
1007 2653 1379 2719 excerptorum
1410 2649 1777 2704 Parisinorum

93 2722 178 2788 [cf.
218 2722 323 2775 1101.
362 2721 390 2775 I
435 2741 486 2790 p.
527 2723 675 2789 223}
749 2723 958 2777 codices
1012 2727 1189 2776 autem
1240 2724 1414 2776 nostri
1467 2727 1683 2792 praeter
1735 2723 1776 2776 B

88 2795 249 2849 titulo
282 2799 555 2849 carentem
587 2813 773 2849 omnes
813 2797 1116 2850 inscribunt
1156 2796 1396 2868 ‘Virgilii
1430 2797 1771 2868 catalepton',

87 2867 318 2923 Ausonii
359 2869 988 2941 [grammaticomastigis
1020 2890 1071 2924 u.
1102 2869 1156 2943 5]
1197 2871 1323 2924 libri
1361 2871 1565 2924 habent
1593 2871 1773 2924 ‘cata-

88 2943 233 3011 lepta
265 2942 551 3014 Maronis',
593 2943 733 3013 apud
767 2941 1010 2999 Seruium
1049 2945 1184 2999 duae
1215 2945 1562 2998 membranae
1602 2946 1775 2999 bonae

1449 3033 1510 3075 3ss
