1992 3238
969 991 1092 1044 VII.

688 1126 1369 1187 EPIGRAMMATA.

782 1240 1275 1309 [CATALEGTA]

1007 1512 1047 1562 Ι.

186 1623 348 1677 Delia
387 1641 543 1692 saepe
581 1624 683 1677 tibi
722 1626 887 1679 uenib.
950 1626 1066 1694 sed,
1104 1624 1305 1694 Tucca,
1342 1625 1522 1678 uidere

259 1696 384 1750 Non
420 1697 570 1750 licet:
611 1699 872 1751 occulitur
910 1698 1098 1751 limine
1139 1699 1321 1752 clausa
1359 1699 1478 1752 uiri.

186 1771 345 1824 Delia
384 1788 544 1839 saepe
583 1772 710 1840 tibi,
748 1790 858 1825 non
897 1773 1048 1825 uenit
1079 1772 1252 1825 adhuc
1289 1771 1445 1825 mihi:
1484 1790 1717 1842 namque

262 1842 319 1897 Si
358 1844 640 1914 occuliizur,
681 1846 842 1916 longe
882 1848 964 1898 est
999 1849 1226 1916 tangere
1267 1845 1410 1915 quod
1447 1863 1697 1916 nequeas,

185 1916 430 1971 Venerit:
472 1918 685 1972 audisti.
747 1918 840 1971 sed
879 1919 988 1972 iam
1026 1919 1160 1971 mihi
1197 1918 1419 1972 nuntius
1458 1919 1564 1973 iste
1849 1933 1876 1973 5

262 1990 402 2053 Quid
440 1992 698 2059 prodesiz‘?
738 1993 819 2045 illi
858 1992 942 2045 dic
980 1993 1080 2058 ita,
1121 1993 1247 2062 quoi
1284 1992 1466 2045 rediit!

305 2165 658 2223 Epigrammata
699 2166 882 2221 addidi3
930 2167 1165 2211 cohaerent
1201 2167 1255 2211 in
1287 2170 1317 2209 0
1369 2166 1571 2222 Priapeo
1610 2167 1745 2212 tertio
1781 2167 1879 2212 sine

186 2225 454 2279 intemetum
493 2225 548 2269 de
586 2225 816 2269 codicibus
846 2226 903 2280 cf.
939 2225 1094 2280 Praef.
1126 2239 1175 2282 p.
1208 2230 1266 2269 24
1310 2226 1326 2281 ΙΙ
1371 2224 1393 2267 I
1427 2230 1450 2268 1
1483 2224 1619 2269 Delia
1650 2225 1873 2282 Scaliyer:
1967 2232 1970 2235 ’

186 2283 255 2328 De
288 2297 381 2340 qua.
412 2287 443 2325 0
484 2285 534 2341 (ξ
558 2305 614 2320 =
640 2297 759 2340 quae
789 2285 848 2340 11)
877 2287 882 2340 Ι
909 2283 1001 2328 tibi
1029 2285 1104 2328 hic
1134 2285 1346 2328 omissum
1369 2287 1478 2340 post
1507 2283 1667 2351 uid-ere
1699 2286 1806 2330 add.
1838 2289 1879 2327 R

186 2343 302 2410 ⁸3:9⁹²·
336 2355 492 2399 appos.
521 2346 529 2400 1
556 2344 627 2388 set
651 2347 684 2385 B
716 2343 789 2387 hic
819 2343 879 2399 (ες
910 2347 1019 2400 ΜΒ)
1054 2344 1060 2399 Ι
1094 2343 1221 2387 tuica
1252 2346 1347 2409 ῌΜ
1369 2344 1385 2400 ΙΙ
1408 2348 1434 2387 2
1468 2343 1668 2387 ocuhssur
1699 2347 1840 2386 Anu
1866 2343 1874 2402 1

186 2401 284 2445 hm.
318 2415 372 2446 ex
402 2402 512 2446 lum.
547 2415 660 2447 corr.
693 2405 731 2443 A
775 2404 780 2458 Ι
823 2415 964 2446 causa
992 2407 1031 2445 R.
1069 2403 1085 2458 ΙΙ
1122 2407 1148 2446 3
1183 2402 1319 2446 Deha
1350 2402 1577 2458 Scaliqer:
1618 2400 1688 2446 Dc
1720 2416 1814 2458 qua.
1845 2406 1877 2445 0

188 2461 250 2515 (ᾇ,
269 2464 331 2514 Η;
364 2461 482 2504 inter
512 2459 581 2504 De
613 2465 654 2504 et
689 2474 781 2516 qua
809 2474 867 2504 m.
898 2474 983 2505 rec.
1017 2475 1038 2504 s
1072 2461 1174 2519 [sic]
1209 2461 1313 2505 add.
1339 2463 1394 2516 R)
1423 2462 1429 2517 Ι
1456 2460 1545 2505 tibi
1574 2474 1668 2504 non
1697 2465 1752 2504 B:
1783 2473 1879 2505 non
1970 2498 1976 2500 ,

186 2518 277 2562 tibi
299 2523 322 2561 1
343 2520 360 2575 ΙΙ
383 2523 411 2561 4
443 2519 519 2564 Sic
550 2520 689 2575 longe
720 2519 973 2575 occulituer
1003 2521 1105 2576 (om.
1139 2521 1227 2577 est)
1254 2524 1293 2562 B.
1319 2521 1326 2575 1
1355 2519 1557 2564 oculitur
1586 2522 1628 2561 11
1660 2521 1760 2576 (sic)
1794 2524 1839 2562 Μ
1864 2520 1877 2577 Η

188 2580 215 2620 5
248 2577 421 2621 audisti
449 2579 634 2634 scripsi:
668 2578 828 2622 audiui
849 2582 883 2620 B
916 2580 998 2624 aui:
1026 2579 1115 2623 tibi
1146 2583 1168 2621 1
1199 2578 1283 2634 (ibi
1305 2581 1366 2635 Η)
1398 2578 1484 2622 illa
1514 2577 1602 2622 tibi
1625 2578 1840 2635 Heynius

188 2634 270 2679 sed
300 2635 395 2679 iam
418 2640 451 2678 B
483 2649 584 2681 cum
615 2638 769 2682 ceteris
800 2636 912 2693 (iam
941 2638 1036 2682 iam
1069 2650 1116 2694 ς,
1149 2638 1270 2682 unde
1301 2638 1382 2681 aut
1411 2636 1506 2681 iam
1536 2636 1631 2680 iam
1661 2636 1764 2693 tibi,
1797 2651 1844 2681 se

187 2693 305 2737 mihi
321 2694 543 2751 Scaliqer)
571 2696 577 2753 Ι
604 2696 797 2740 nuncius
821 2700 909 2738 ΒΜ
933 2697 1091 2741 nutius
1114 2701 1154 2739 R
1176 2697 1191 2752 ΙΙ
1216 2702 1241 2740 6
1263 2696 1396 2749 Quod
1419 2695 1632 2752 prodessst
1656 2696 1726 2753 (in
1753 2695 1879 2739 -desiz

188 2755 320 2807 corr.)
345 2756 378 2795 B
407 2757 412 2808 Ι
441 2752 515 2797 dic
546 2754 616 2798 ita
646 2755 830 2810 scripsi:
863 2755 1004 2800 dicite
1029 2759 1059 2798 0
1093 2755 1246 2799 dicere
1272 2767 1299 2802 ς
1331 2754 1476 2799 dicito
1501 2753 1705 2810 Scaliyer
1732 2755 1738 2809 1
1767 2753 1877 2810 quoi

188 2811 433 2867 Hauptius
465 2811 559 2866 (cui
589 2813 774 2869 Heym'o
797 2816 1079 2870 praeeunte):
1117 2814 1198 2870 qui
1228 2817 1261 2856 B
1295 2827 1383 2869 que
1415 2817 1438 2855 1
1475 2814 1611 2870 (quae
1640 2814 1695 2869 R)
1723 2814 1730 2869 1
1757 2814 1877 2858 inter

189 2869 271 2925 qui
301 2875 342 2914 et
371 2870 511 2914 rediit
541 2884 711 2915 rasura
743 2873 795 2916 in
825 2875 858 2914 B
