1992 3238
247 213 319 266 28
853 212 974 256 XVI.
1011 210 1323 257 APPENDIX

251 348 512 400 honorem
572 348 988 414 consequeretur
1048 346 1165 415 ipso
1229 349 1607 415 argumentum
1670 309 1992 398 tractandil

254 437 448 491 genere
503 419 914 487 prohibebatur,
969 420 1094 488 quid
1147 420 1226 472 ita
1275 418 1474 472 Culicis
1527 421 1713 472 auctor
1760 418 1864 472 hac
1909 437 1950 471 a
1985 439 1992 476 ς

256 495 410 562 parte
449 493 612 560 plane
642 492 818 545 iaceat
851 493 1242 576 intellegimus:
1283 493 1361 545 sic
1391 491 1501 544 fere
1532 492 1787 545 Heluium
1820 490 1943 545 Gin-

1987 402 1992 432 ε

1987 477 1992 535 i

251 583 381 618 nam
438 569 492 619 et
547 565 688 635 siqui
743 559 838 618 alii
891 565 1076 618 inuitis
1122 565 1292 618 Musis
1349 565 1588 618 carmina
1641 557 1992 635 pangentes¹
1990 595 1992 598 ⁴

254 638 463 708 ingenii
503 639 846 692 sterilitatem
885 638 1200 691 assiduitate
1244 638 1557 708 diligentiae
1596 655 1948 706 compensare

256 711 547 765 studebant
577 713 781 781 epyllia
813 713 954 765 sicca
983 711 1267 780 ieiunaque
1292 711 1595 764 elaborasse
1626 711 1949 779 putauerim.

257 788 313 837 et
349 785 416 837 ad
457 803 592 854 quas
631 786 885 854 ineptiaS,
924 785 1050 837 dum
1089 801 1234 837 noua
1274 802 1464 837 canere
1505 785 1743 853 cupiunt,
1781 785 1944 836 inter-

258 857 386 910 dum
441 858 811 911 descenderint
872 861 1154 911 cantorum
1212 857 1576 925 Euphorionis
1630 857 1953 926 pedissequi,

255 949 283 984 e
323 929 505 985 Culice
543 932 747 1001 liquido
789 931 1058 984 discimus,
1126 931 1252 1000 quid
1292 931 1433 982 enim
1474 931 1588 982 eius
1627 933 1947 1000 argumento

263 1034 328 1041 —
372 1005 436 1056 de
469 1005 620 1058 cuius
659 1005 810 1065 fonte
840 1022 950 1057 non
989 1004 1326 1074 neglegenda
1357 1021 1419 1055 ea
1458 1021 1594 1072 quae
1624 1021 1797 1071 nuper
1826 1021 1953 1072 pro—

253 1078 384 1130 tulit
437 1076 645 1130 Birtius
700 1077 828 1130 libri
882 1078 946 1130 de
994 1076 1173 1129 Ouidii
1225 1077 1530 1129 halieuticis
1585 1096 1634 1145 p.
1683 1075 1818 1146 52³⁶)
1876 1106 1940 1114 —

256 1151 449 1203 exilius
458 1192 472 1220 ,
512 1151 638 1219 quid
676 1150 972 1219 puerilius?
1028 1148 1302 1203 Catullum
1339 1153 1520 1203 autem
1558 1149 1824 1218 huiusque
1864 1168 1948 1203 so·

255 1223 403 1276 dales
465 1242 789 1293 quamquam
852 1223 1083 1275 maxime
1147 1227 1360 1276 secutus
1422 1227 1506 1276 est
1567 1226 1774 1292 auctor,
1835 1241 1948 1276 non

255 1297 501 1367 neglexit
552 1300 736 1349 tamen
791 1299 995 1349 ceteros
1051 1297 1164 1348 eius
1220 1297 1339 1353 aeui
1395 1300 1574 1364 uates3
1636 1314 1699 1348 ex
1754 1296 1953 1365 quibus

254 1369 564 1423 Lucretium
621 1373 675 1422 et
726 1369 1029 1438 Vergilium
1084 1369 1229 1422 haud
1275 1387 1396 1422 raro
1452 1370 1529 1421 ita
1585 1369 1836 1438 exprimit
1887 1373 1951 1422 ut

254 1443 505 1496 imitandi
560 1443 798 1496 studium
854 1447 1022 1496 certo.
1048 1446 1321 1512 appareat.
1393 1442 1483 1495 sed
1537 1443 1663 1511 quia
1708 1442 1953 1495 Maronis

255 1515 515 1570 Bucolica
553 1520 770 1569 tantum
810 1519 863 1569 et
902 1515 1165 1586 Georgica
1203 1517 1402 1586 legisse
1441 1516 1656 1568 uidetur
1695 1515 1845 1583 (nam
1885 1533 1952 1568 ex

257 1590 496 1643 Aeneide
537 1590 679 1659 quod
717 1590 1021 1642 indubitate
1061 1590 1275 1659 quidem
1315 1592 1589 1658 sumptum
1628 1592 1816 1658 posset
1852 1607 1949 1657 pu-

256 1664 387 1731 tari,
448 1681 559 1717 non
618 1661 855 1733 inueni),
916 1663 1037 1716 ideo
1093 1661 1331 1716 Culicem
1392 1663 1504 1715 fere
1566 1663 1706 1715 circa
1776 1682 1822 1715 a.
1878 1662 1951 1715 30

258 1755 304 1790 a.
354 1735 477 1790 Chr.
523 1755 574 1789 n.
622 1737 979 1806 compositum
1027 1737 1218 1790 iudico.
1288 1736 1378 1805 qui
1424 1739 1486 1788 ut
1531 1738 1674 1789 inter
1719 1735 1953 1806 Vergilii

258 1828 425 1879 opera
453 1805 739 1863 referretur
773 1810 1038 1879 quomodo
1071 1809 1276 1863 factum
1302 1810 1386 1879 sit,
1416 1809 1557 1862 infra
1581 1809 1955 1878 explicabitur

408 1883 606 1936 Dirae
638 1902 759 1936 cum
791 1883 993 1952 Lydia
1031 1886 1093 1936 ut
1128 1883 1359 1953 Vergilii
1396 1900 1507 1935 non
1547 1900 1662 1935 esse
1702 1883 1952 1950 clamant,

266 1958 345 2010 ita
383 1975 481 2010 nec
519 1956 725 2009 Valerii
765 1955 988 2010 Catonis
1029 1975 1146 2010 esse
1184 1959 1432 2025 possunt,
1473 1956 1557 2009 cui
1595 1956 1718 2008 inde
1759 1974 1790 2008 a
1831 1953 1956 2008 Sca·

262 2031 436 2101 ligero
484 2031 641 2082 multi
697 2030 843 2083 docti
890 2031 1253 2083 attribuerunt
1301 2027 1391 2100 (cf.
1436 2029 1499 2082 R..
1548 2028 1836 2081 Merkelius
1885 2029 1950 2081 ad

262 2103 448 2156 Ouidii
486 2103 609 2156 Ibin
647 2122 699 2172 p.
732 2104 855 2173 364,
895 2103 952 2157 C.
981 2102 1068 2156 Fr.
1098 2104 1441 2156 Hermannus
1479 2103 1536 2155 in
1577 2102 1955 2171 ‘gesammelte

263 2175 733 2246 Abhandlungen'
788 2196 840 2245 p.
889 2178 996 2230 114
1027 2176 1183 2247 sqq.).
1253 2194 1577 2245 quamquam
1630 2176 1767 2227 mira
1822 2193 1955 2228 sane

265 2250 622 2319 congruentia
658 2250 938 2303 titulorum
980 2255 1062 2303 est
1100 2268 1221 2302 cum
1261 2247 1481 2302 Catonis
1519 2249 1801 2317 poematiS‚
1841 2249 1956 2317 qui-

259 2323 363 2376 bus
405 2323 696 2376 secundum
729 2321 1046 2376 Suetonium
1086 2322 1447 2391 ‘Indignatio'
1489 2326 1542 2374 et
1574 2321 1795 2391 ‘Lydia'
1837 2325 1957 2374 erat

258 2397 594 2466 inscriptum.
642 2415 867 2465 cumque
894 2400 1080 2452 auctor
1111 2397 1333 2465 ignotus
1359 2395 1752 2465 antiquioribus
1776 2396 1955 2464 poetis

260 2470 694 2523 adnumerandus
750 2471 822 2523 sit
877 2468 1102 2539 (Catulli
1149 2469 1449 2523 studiosum
1494 2469 1697 2522 indicat
1749 2486 1826 2521 ex.
1875 2486 1957 2539 gr.

411 2629 453 2685 ³³³)
493 2644 580 2674 nec
609 2631 769 2674 tamen
799 2629 1006 2674 reticebo
1045 2641 1197 2673 meam
1237 2629 1470 2684 quandam
1515 2626 1830 2684 suspitionem.
1886 2627 1954 2671 ni·

261 2687 432 2732 mirum
463 2688 518 2731 ut
546 2688 596 2732 in
629 2688 723 2733 Ciri
755 2701 914 2732 uersus
945 2687 1102 2731 ultimi
1134 2701 1190 2732 ex
1220 2687 1431 2745 Vergilio
1464 2686 1699 2743 desumpti
1732 2685 1957 2730 carminis

261 2746 397 2802 quasi
433 2746 595 2790 thema
634 2748 760 2800 sunt,
799 2747 868 2791 ita
905 2746 1101 2791 fortasse
1147 2749 1194 2791 et
1227 2745 1397 2790 Culicis
1427 2760 1502 2791 uu.
1536 2750 1622 2789 413
1649 2759 1716 2800 sq.
1761 2745 1820 2788 ab
1850 2745 1958 2801 ipso

259 2804 472 2862 Vergilio
508 2818 671 2872 puero
695 2805 775 2849 uel
813 2805 1166 2850 adulescentulo
1213 2804 1435 2862 profecti,
1480 2804 1562 2848 ubi
1601 2803 1778 2848 Romae
1823 2803 1957 2847 inno-

259 2865 473 2919 tuerunt,
504 2862 675 2907 iuniori
707 2863 893 2907 cuidam
924 2878 1086 2908 ansam
1118 2864 1348 2909 dederunt
1377 2838 1437 2906 ad
1469 2861 1848 2919 amplificandam
1880 2875 1958 2905 ex-

260 2922 609 2979 ornandamque
634 2921 939 2966 historiolam.
