1992 3238
181 208 254 261 30
787 208 907 254 XVI.
946 209 1255 255 APPENDIX

180 345 392 412 ptorem
442 341 866 411 similitudinem,
911 344 1083 396 multa
1127 347 1312 395 tamen
1351 342 1703 396 Wernsdorfii
1750 342 1869 410 opi-

187 416 407 469 nionem
437 414 743 484 infringunt
771 416 1035 484 planeque
1064 415 1334 468 refellunt.
1372 416 1687 484 neutiquam
1720 415 1872 467 enim:

178 487 389 559 ostendi
419 489 603 556 potest
625 488 705 540 ita
733 489 974 556 paruisse
997 487 1260 540 Lucilium
1294 488 1452 540 amici
1487 487 1875 554 cohortationi,

175 560 394 629 proprio
440 563 502 612 ut
546 564 795 629 poemate
841 561 1077 613 Aetnam
1123 563 1360 629 caneret3
1417 563 1471 612 et
1516 563 1732 612 tantum
1779 560 1876 611 de-·

176 633 509 703 gressionem
558 634 796 702 aliquam
841 635 898 686 in
943 634 1186 702 longiore
1239 633 1303 685 de
1352 631 1535 685 Sicilia
1589 633 1877 700 opusculo,

175 706 234 759 ni
280 706 454 774 fallor,
503 706 804 760 faciendam
853 706 1083 759 Senecae
1136 707 1302 759 uerba
1347 724 1510 774 supra
1557 705 1739 758 adlata
1785 704 1875 757 in·-

174 782 352 832 nuunt
389 778 477 850 (cf.
525 783 579 832 et
616 780 832 832 initium
879 779 1138 847 epistulae
1176 778 1440 848 LXXIX).
1509 779 1618 831 iam
1657 778 1879 845 accepit,

173 855 379 922 postea,
418 857 480 905 ut
517 853 747 921 uidetur,
784 853 893 905 tale
927 852 1142 920 aliquod
1175 870 1309 919 opus
1344 851 1562 920 Seneca,
1602 851 1872 920 siquidem

174 927 232 980 in
262 926 591 979 naturalium
623 926 998 995 quaestionum
1030 925 1172 978 libro
1197 925 1357 977 tertio
1386 925 1496 992 [26,
1520 924 1576 990 5]
1609 924 1769 976 amici
1800 924 1870 975 de

173 999 445 1052 Arethusa
499 1016 693 1067 poema
739 1001 1147 1066 commemorat,
1203 998 1295 1051 sed
1345 998 1424 1050 ita
1478 1000 1870 1050 commemorat

173 1075 249 1140 ut,
278 1075 422 1124 recte
455 1072 501 1124 si
532 1072 682 1125 locus
714 1072 1088 1141 perpendatur,
1123 1071 1274 1140 operi
1305 1071 1389 1123 illi
1421 1089 1539 1124 eam
1571 1089 1733 1140 quam
1765 1087 1869 1122 nos

173 1145 434 1199 habemus
451 1145 660 1197 Aetnae
686 1145 1101 1212 descriptionem
1125 1162 1237 1197 non
1253 1144 1418 1197 fuisse
1442 1145 1705 1197 insertam
1722 1143 1867 1196 euin-

174 1221 340 1271 catur.
379 1235 508 1269 nam
524 1218 582 1270 in
606 1217 793 1270 eodem
810 1218 986 1285 capite
1011 1235 1146 1286 quae
1169 1218 1234 1271 de
1257 1218 1569 1270 fluminibus
1594 1218 1651 1269 in
1676 1234 1870 1285 specus

177 1290 543 1344 decidentibus
597 1307 887 1358 rursusque
943 1290 1327 1359 apparentibus
1380 1290 1745 1359 proferuntur,
1803 1307 1870 1341 ea

173 1365 312 1417 miro
343 1364 504 1417 modo
547 1363 838 1416 concinunt
876 1381 997 1416 cum
1028 1363 1235 1417 Aetnae
1275 1382 1361 1416 uu.
1397 1364 1498 1416 117
1526 1361 1702 1433 sqq.*)
1756 1362 1866 1415 iam

178 1438 224 1491 si
246 1437 481 1490 Aetnam
513 1455 726 1507 quoque
753 1435 992 1490 Lucilius
1022 1439 1367 1506 tractauerat,
1397 1454 1526 1488 num
1555 1436 1720 1489 tacite
1752 1436 1874 1488 eius

171 1512 339 1564 uerba
394 1510 739 1578 exscripsisse
791 1513 951 1579 putas
1001 1509 1259 1563 Senecam
1313 1511 1371 1562 in
1424 1510 1563 1562 libro
1620 1509 1687 1562 ad
1743 1526 1874 1561 eum

171 1584 355 1653 misso,
387 1602 508 1637 cum
538 1587 721 1636 tamen
755 1582 840 1653 (ut
870 1583 1002 1636 fecit
1034 1584 1093 1636 in
1126 1583 1293 1635 simili
1323 1600 1488 1636 causa
1518 1585 1629 1635 nat.
1662 1585 1873 1652 quaest.

170 1657 253 1711 III
289 1659 334 1726 1,
368 1656 424 1728 1)
463 1657 612 1726 ipsos
650 1657 795 1709 illius
828 1675 1015 1710 uersus
1051 1657 1311 1710 adducere
1353 1659 1446 1709 aut
1485 1658 1628 1709 certe
1667 1673 1866 1709 nomen

172 1748 590 1784 commemorare
651 1749 736 1783 res
798 1749 971 1799 paene
1027 1730 1281 1799 cogeret?
1361 1733 1415 1782 et
1468 1730 1588 1782 aliis
1652 1747 1869 1799 quoque

171 1805 503 1858 naturalium
543 1804 923 1873 quaestionum
961 1804 1115 1873 locis,
1153 1804 1247 1857 ubi
1286 1803 1496 1856 Aetnae
1536 1821 1777 1872 carmen,
1818 1803 1867 1854 si

172 1877 409 1932 Lucilius
444 1878 671 1946 scripsit,
711 1878 912 1930 amicus
950 1878 1008 1930 in
1045 1880 1226 1946 partes
1258 1894 1452 1930 uocare
1485 1876 1686 1945 debuit,
1727 1878 1866 1930 eius-

171 1950 317 2004 modi
347 1951 679 2004 mentionem
717 1951 920 2004 frustra
958 1950 1278 2020 quaerimus,
1341 1950 1534 2003 dixerit
1573 1949 1868 2018 quispiam:

172 2042 299 2095 ergo
338 2027 466 2094 post
498 2022 730 2078 Senecae
762 2028 991 2078 mortem
1022 2024 1260 2077 Lucilius
1292 2022 1526 2077 Aetnam
1559 2023 1867 2091 composuit

171 2099 401 2167 dataque
441 2098 722 2151 occasione
763 2098 877 2150 eius
918 2098 1209 2151 sententias
1218 2138 1232 2165 ,
1280 2115 1414 2166 quas
1457 2097 1513 2149 in
1551 2096 1864 2148 uniuersum

169 2172 457 2240 probabat,
512 2171 603 2224 hic
656 2171 767 2223 illic
820 2171 984 2224 tacite
1039 2171 1271 2224 correxit
1326 2170 1412 2236 [cf.
1459 2169 1862 2222 Wernsdorfius

169 2263 222 2313 p.
253 2245 348 2310 20,
386 2243 615 2297 Iacobus
645 2263 696 2313 p.
727 2243 956 2310 XVIII].
1009 2245 1118 2297 iam
1154 2244 1323 2313 igitur
1359 2244 1655 2297 acrioribus
1697 2242 1861 2294 armis

170 2318 520 2388 pugnandum
559 2321 655 2370 est.
714 2318 969 2370 nimirum
999 2315 1061 2370 ut
1090 2317 1470 2370 Marklandum
1503 2334 1635 2370 aeuo
1673 2316 1862 2369 seriori

172 2409 387 2445 carmen
417 2391 779 2445 uindicantem
809 2391 1007 2444 refellit
1035 2410 1149 2444 non
1188 2393 1608 2444 commemorata
1630 2389 1861 2443 Vesuuii

172 2466 384 2534 eruptio
426 2483 472 2518 a.
515 2465 583 2518 79
623 2484 674 2533 p.
715 2463 837 2518 Chr.
877 2484 927 2518 n.
975 2465 1119 2517 facta
1167 2464 1255 2531 [cf.
1295 2463 1487 2518 Munro
1527 2483 1578 2533 p.
1617 2463 1735 2531 34],
1782 2463 1862 2514 ita

170 2539 332 2591 istam
387 2539 695 2607 opinionem
747 2538 954 2591 refutat
1009 2539 1197 2591 similis
1254 2538 1668 2608 argumentatio.
1731 2553 1859 2588 nam

171 2613 347 2680 poeta,
387 2611 529 2680 quod
568 2631 653 2664 uu.
685 2612 795 2666 425
821 2630 933 2681 sqq.
973 2612 1212 2681 regionis
1246 2610 1556 2682 Campanae
1591 2610 1704 2662 uim
1743 2610 1858 2662 uul-

174 2685 383 2737 caniam
424 2684 717 2737 extinctam
763 2686 915 2755 dicit,
961 2686 1157 2739 idcirco
1204 2704 1420 2739 necesse
1460 2687 1544 2737 est
1585 2683 1860 2751 scripserit
1953 2735 1955 2737 .

324 2859 367 2916 *)
400 2860 521 2903 hanc
561 2858 914 2904 similitudinem
954 2861 1058 2905 aliis
1098 2874 1283 2917 quoque
1322 2859 1437 2905 locis
1476 2857 1768 2916 perspicuam
1804 2870 1859 2901 ex

173 2917 411 2964 communi
444 2919 492 2963 et
521 2918 698 2962 Aetnae
730 2919 909 2964 auctori
940 2922 988 2964 et
1021 2920 1224 2964 Senecae
1255 2919 1385 2964 fonte
1418 2916 1611 2975 explico.
