1992 3238
799 168 1196 216 VERGILIANA„
1809 172 1839 222 7

153 304 466 359 adfunderet
489 304 701 358 Aetnae
730 305 977 373 partibus
1008 305 1105 373 eiS,
1135 306 1194 357 in
1226 306 1420 375 quibus
1453 323 1594 359 nunc
1627 308 1839 360 tantum

151 379 296 432 codd.
319 378 662 447 interpolatis
687 376 910 447 utimur)
924 377 1132 431 frustra
1156 379 1338 432 studui
1354 379 1636 450 indagare:
1660 398 1833 449 neque

149 453 206 505 in
238 452 426 505 ceteris
456 451 646 505 Italiae
684 451 1045 520 bibliothecis,
1085 470 1216 520 quas
1251 453 1467 521 quidem
1498 453 1624 522 adii,
1664 471 1839 522 neque

149 544 278 579 uero
310 524 566 579 Ferrarae
596 523 714 596 (ubi
746 524 1017 594 Gyraldus
1054 524 1181 578 inde
1216 526 1286 578 ab
1318 545 1462 580 anno
1497 527 1639 581 1533
1672 525 1834 598 uixit)

148 599 382 668 reperire
419 598 555 652 illud
589 599 727 651 mihi
762 598 1016 670 contigit3
1061 616 1162 652 nec
1199 599 1450 669 Augusto
1488 600 1701 671 Manio,
1744 601 1837 671 qui

148 674 207 726 in
243 672 513 726 Vaticana
550 673 746 725 iterum
785 691 906 725 mea
944 672 1124 743 gratia
1162 675 1337 726 cartas
1377 672 1704 742 Gyraldinas
1745 693 1838 728 an-

151 746 398 816 quisiuit,
447 746 641 799 melius
664 762 773 800 'res
820 747 997 801 cessit.
1062 746 1282 799 interim
1328 764 1480 816 ergo,
1534 747 1663 800 dum
1710 767 1835 817 apo-

150 819 400 891 graphon
428 820 561 873 illud
590 822 863 889 repertum
896 821 1014 889 erit,
1043 820 1239 873 codicis
1274 819 1558 889 Gyraldini
1592 825 1841 890 excerpta

150 893 454 947 adhibenda
498 896 626 948 sunt
671 911 736 947 ea
782 912 918 962 quae
963 894 1087 947 inde
1127 913 1160 946 a
1197 893 1412 946 Heinsii
1456 897 1698 963 tempore
1737 895 1838 947 Lu-

150 969 331 1022 censia
382 971 657 1021 uocantur.
730 985 860 1021 nam
911 971 1127 1036 praeter
1180 966 1486 1037 Gyraldum
1537 969 1676 1021 alter
1732 987 1843 1022 sae-

150 1042 255 1095 culi
277 1040 382 1094 XV
413 1042 600 1095 doctus
632 1042 1005 1095 membranam
1034 1042 1185 1095 illam
1207 1041 1606 1095 nobilissimam
1637 1042 1840 1111 partim

150 1134 271 1169 cum
327 1113 614 1169 Claudiani
667 1115 904 1169 editione
955 1116 1201 1185 principe
1254 1114 1544 1169 Vicentina
1598 1116 1841 1184 contulit,

147 1189 350 1258 partim
380 1189 680 1258 descripsit.
727 1193 782 1243 et
818 1190 952 1243 haec
985 1189 1201 1259 quidem
1231 1208 1363 1258 pars
1395 1190 1668 1259 descripta
1698 1208 1843 1242 nunc

151 1265 301 1316 extat
337 1263 396 1315 in
440 1263 800 1317 bibliothecae
840 1263 1239 1317 Laurentianae
1279 1263 1458 1317 codice
1497 1265 1633 1332 plut.
1672 1264 1768 1332 33,
1807 1264 1842 1316 9

151 1337 353 1390 saeculi
389 1335 494 1390 XV
540 1338 786 1391 exeuntis
832 1340 1101 1406 cartaceo,
1149 1338 1242 1406 qui
1283 1338 1397 1390 sine
1442 1337 1603 1390 titulo
1650 1337 1843 1406 incipit

151 1411 219 1464 ab
252 1410 463 1463 Aetnae
501 1429 551 1464 11.
577 1412 692 1468 ,272
733 1410 1027 1480 ‘Plenaque
1066 1410 1308 1464 desecto'
1350 1441 1416 1448 -—-
1458 1412 1568 1464 287
1610 1410 1843 1464 ‘uentis'

150 1502 272 1538 cum
311 1484 705 1553 subscriptione
747 1483 1013 1553 ‘Explicit
1049 1484 1285 1537 Aethna.
1345 1484 1549 1553 Incipit
1588 1485 1655 1537 ad
1695 1483 1844 1538 Stili-

150 1557 428 1624 chonem'‚
475 1557 824 1627 sequentibus
862 1559 977 1611 iam
1012 1556 1370 1611 ClaudianeiS.
1433 1558 1582 1611 cuius
1621 1557 1748 1610 libri
1786 1558 1844 1610 in

153 1631 314 1684 initio
352 1632 467 1685 sine
497 1631 660 1685 dubio
693 1632 898 1701 aliquot
927 1632 1062 1685 folia
1091 1633 1368 1701 perierunt
1390 1630 1598 1685 Aetnae
1622 1651 1710 1684 uu„
1739 1632 1843 1685 138

156 1706 331 1758 —271
358 1705 710 1759 continentia.
756 1706 955 1775 quippe
979 1706 1046 1759 ad
1069 1723 1157 1758 uu.
1184 1706 1474 1760 138—287
1506 1705 1846 1774 possidemus

151 1779 496 1833 collationem
522 1779 718 1833 codicis
744 1779 972 1833 alicuius
991 1779 1221 1833 Medicei
1245 1779 1358 1832 siue
1382 1780 1449 1832 ab
1475 1779 1703 1833 Heinsio
1728 1779 1845 1832 siue

152 1854 220 1907 ab
259 1852 499 1907 Henrico
534 1853 758 1906 Ernstio
800 1851 1233 1925 (1603—1665)
1272 1853 1491 1907 factam.
1544 1872 1673 1907 nam
1709 1851 1845 1906 Bur-

150 1945 378 1980 mannus
411 1926 479 1979 ad
509 1926 689 1980 Ouidii
719 1930 844 1980 met.
874 1928 902 1980 Ι
927 1927 1000 1981 85
1031 1925 1148 1998 (ubi
1187 1926 1362 1980 adfert
1393 1927 1603 1980 Aetnae
1640 1928 1841 1997 Iocum)

151 1999 274 2053 <sed
324 1999 642 2070 legendum'
703 2001 879 2069 inquit
932 1999 1025 2054 ‘ex
1078 2001 1302 2070 antiquo
1356 2001 1538 2055 codice
1589 2000 1846 2070 Medice0‚

150 2091 310 2144 quem
341 2073 601 2127 Heinsius
634 2073 908 2128 contulit'.
951 2077 1143 2128 contra
1180 2074 1362 2128 extitit
1400 2075 1533 2128 olim
1571 2075 1847 2144 exemplar

149 2147 366 2201 Pithoei
418 2148 872 2232 epigrammatum
917 2145 1112 2220 (Paris,
1163 2147 1335 2219 1590)
1386 2149 1453 2201 ab
1506 2147 1735 2201 Heinsio
1784 2151 1848 2202 ut

150 2221 387 2274 creditur
444 2239 776 2292 possessum,
835 2223 896 2275 in
948 2223 1100 2276 cuius
1155 2221 1335 2276 fronte
1388 2223 1692 2293 legebatur:
1755 2221 1847 2275 In

150 2295 331 2348 Aetna
354 2294 405 2347 V
428 2295 702 2365 significat
733 2264 848 2350 c'od
883 2295 1289 2366 Florentinum,-
1287 2314 1465 2366 quem
1496 2296 1620 2349 inde
1651 2295 1848 2348 habuit

150 2369 430 2437 ErnstinS,
474 2387 667 2439 nempe
716 2370 896 2424 solum
942 2373 1151 2440 partem
1201 2369 1381 2423 illam'
1385 2411 1398 2423 .
1459 2387 1568 2439 qua
1613 2369 1845 2423 editione

149 2442 449 2496 Pithoeana
501 2443 690 2496 itidem
739 2446 802 2497 ut
845 2444 1060 2497 uidetur
1108 2444 1269 2497 hodie
1323 2443 1600 2512 deperdita
1645 2446 1708 2495 ut
1752 2443 1847 2496 alii

151 2517 457 2586 utebantur,
486 2517 568 2569 ita
597 2516 723 2570 inde
752 2518 932 2571 uarias
963 2518 1222 2571 lectiones
1254 2517 1483 2587 protulit
1511 2517 1594 2570 uir
1625 2516 1847 2586 quidam

154 2589 342 2644 doctus
397 2590 458 2643 in
510 2589 750 2644 Walchii
796 2590 951 2645 Actis
1008 2592 1284 2646 societatis
1340 2590 1584 2644 lenensis
1637 2592 1742 2645 uol.
1791 2590 1845 2643 V

153 2683 199 2717 a.
242 2663 384 2718 1756
422 2681 475 2733 p.
514 2665 684 2734 3—6,
729 2665 879 2718 cuius
926 2683 1134 2719 errores
1181 2666 1412 2718 correxit
1449 2664 1673 2718 adiectis
1711 2682 1846 2718 non-

153 2737 318 2792 nullis
352 2738 820 2792 emendationibus
857 2738 917 2792 F.
949 2737 1009 2793 G.
1038 2738 1304 2792 Matthiae
1341 2739 1403 2792 in
1433 2737 1612 2792 ‘Neue
1641 2738 1845 2791 Biblio-

153 2811 283 2865 thek
315 2812 410 2864 der
439 2812 708 2866 schoenen
730 2812 1204 2867 Wissenschaften
1232 2813 1344 2866 und
1382 2812 1552 2866 freien
1573 2811 1842 2866 Kuenstc'

151 2886 260 2939 uol.
298 2885 368 2940 59
418 2884 660 2957 (Lipsiae
709 2886 875 2956 1797)
920 2905 973 2956 p.
1011 2887 1323 2942 311—327.
1390 2905 1456 2940 ex
1499 2887 1591 2940 his
1635 2886 1844 2940 duobus
