1992 3238
757 204 1151 251 VERGILIANA.
1491 196 1493 198 ’
1729 207 1800 258 39

720 409 1100 465 EXOVRSVS
1152 413 1192 465 Ι.

254 528 341 582 De
382 531 843 600 epigrammate
884 529 1154 598 quodam
1198 529 1650 601 Vergiliano*).

261 645 477 699 Extat
462 665 519 699 1n
551 645 899 716 anthologiae
929 644 1129 698 latinae
1160 664 1331 714 nuper
1354 664 1386 698 a
1408 646 1591 700 Riesio
1625 648 1803 702 editae

108 719 368 773 fasciculo
416 719 587 772 altero
635 738 851 773 carmen
896 737 1118 772 numero
1160 719 1266 772 776
1312 720 1633 789 insignitum
1675 722 1803 776 hoc:

274 792 487 846 Pallida
524 793 653 846 mole
690 793 783 847 sub
819 793 915 846 hac
952 791 1097 847 Caeli
1133 796 1206 846 est
1240 794 1443 846 iniuria
1480 795 1633 847 saecli

347 867 578 934 antiquis
614 866 790 934 hospes
825 883 930 919 non
967 867 1139 919 minor
1175 866 1417 934 inqeniiS,

274 944 322 992 et
356 957 454 1007 quo
492 940 663 994 Roma
699 942 815 992 uiro
853 940 1011 992 doctis
1047 943 1261 992 certaret
1295 939 1515 994 Athenis
1523 958 1541 992 .-

344 1014 514 1079 ferrea
550 1015 641 1067 sed
674 1013 810 1067 nulli
845 1014 1041 1066 vincere
1074 1013 1191 1079 fata
1228 1014 1397 1066 datur.

106 1089 192 1139 est
240 1088 420 1140 autem
465 1086 626 1156 primi
680 1105 866 1140 uersus
922 1086 1186 1155 scriptura
1232 1105 1393 1140 sensu
1441 1087 1600 1155 plane
1647 1106 1801 1140 cassa

106 1162 230 1212 orta
262 1177 327 1212 ex
357 1159 580 1214 editoris
614 1160 944 1229 coniectura3
978 1160 1189 1213 codices
1222 1160 1366 1212 enim
1388 1159 1799 1230 Rehdigeranus

108 1236 164 1285 et
194 1232 645 1287 Helmstadiensis
685 1234 886 1287 conlati
916 1234 1025 1287 iam
1057 1253 1090 1286 a
1119 1233 1435 1303 Ribbeckio,
1472 1234 1564 1303 qui
1594 1235 1799 1303 primus

105 1306 167 1358 in
191 1307 499 1375 appendicis
524 1305 869 1377 Vergilianae
892 1307 1058 1376 praef.
1082 1326 1132 1376 p.
1157 1307 1227 1359 49
1253 1325 1439 1360 uersus
1466 1307 1598 1360 istos
1622 1308 1801 1374 edidit,

107 1397 269 1448 porro
315 1380 442 1433 libri
489 1380 832 1434 Monacensis
886 1380 1086 1449 18895,
1141 1380 1542 1433 Arundelianus
1594 1381 1697 1433 133
1746 1384 1801 1434 et

113 1452 500 1506 Ambrosianus
533 1452 578 1506 Ο
613 1455 684 1506 74
716 1473 829 1522 sup.
862 1473 894 1506 a
925 1472 1010 1506 me
1042 1454 1333 1507 examinati
1374 1451 1584 1524 (omnes
1618 1458 1801 1507 autem

104 1526 323 1579 saeculo
362 1525 467 1579 XV
506 1527 712 1579 exarati
753 1525 903 1598 sunt)
942 1527 1198 1579 unanimo
1242 1527 1354 1579 fere
1394 1545 1658 1580 consensu
1696 1528 1801 1580 hoc

106 1599 387 1653 exhibent:
442 1598 639 1654 Callicle
684 1618 829 1667 maye
881 1600 974 1654 sub
1026 1600 1112 1653 hec
1155 1600 1248 1653 celi
1299 1604 1373 1652 est
1423 1601 1626 1653 iniuria
1668 1598 1802 1654 secli.

104 1673 250 1743 quod
291 1674 587 1742 scripturae
628 1675 932 1727 monstrum
971 1673 1218 1726 certatim
1250 1673 1469 1726 domare
1509 1673 1801 1726 studebant

106 1746 435 1800 Ribbeckius
483 1747 698 1800 Riesius
745 1746 1126 1817 BuechelerUS,
1181 1747 1273 1799 sed
1323 1764 1386 1799 eo
1436 1764 1686 1800 successu
1739 1750 1802 1799 ut

102 1818 302 1873 ‘adhuc
342 1821 441 1873 sub
480 1821 653 1874 iudice
700 1821 769 1874 lis
809 1820 924 1874 sit'.
993 1839 1120 1874 nam
1171 1820 1429 1889 quidquid
1474 1822 1802 1888 temptatum

103 1895 206 1960 est,
238 1897 291 1945 et
320 1911 507 1946 uersus
539 1894 733 1964 reliqui
765 1895 978 1947 obscuri
1009 1897 1231 1947 manent
1260 1911 1434 1964 neque
1462 1894 1590 1963 quid
1621 1897 1801 1946 totum

107 1935 213 2019 sib'i
252 1966 383 2019 uelit
424 1968 756 2051 epigramma
792 1968 1093 2036 perspicere
1131 1967 1273 2021 licet.

257 2037 414 2092 Subit
453 2043 634 2093 autem
674 2041 873 2110 mirari,
911 2059 1023 2095 non
1055 2041 1167 2094 eius
1207 2058 1454 2109 conexus,‚
1494 2059 1599 2110 quo
1633 2041 1801 2094 uersi-

103 2112 216 2166 culi
261 2113 419 2166 nobis
465 2114 653 2166 traditi
693 2116 843 2182 sunt,
888 2117 1191 2183 respectum
1233 2114 1482 2167 habitum
1520 2132 1652 2167 esse.
1716 2117 1802 2167 sat

0 2185 1 2260 ζ
103 2187 250 2238 enim
298 2186 560 2257 singulari
607 2187 766 2240 modo
805 2156 886 2240 illi
927 2188 995 2240 ad
1034 2188 1351 2242 memoriam
1395 2190 1641 2240 nostram
1680 2206 1801 2256 per-

0 2262 1 2280 *
103 2262 384 2312 uenerunt.
446 2262 766 2314 catalecta
803 2261 1187 2332 Vergiliana
1227 2292 1290 2300 —
1334 2261 1410 2314 sic
1452 2262 1597 2313 enim
1634 2262 1799 2330 uolgo

106 2333 379 2402 appellare
402 2334 577 2387 solent
598 2353 733 2403 quae
758 2335 1226 2404 epigrammata
1248 2335 1429 2404 potius
1455 2334 1799 2387 inscribenda

103 2423 224 2459 esse
257 2407 387 2459 olim
426 2407 820 2461 demonstrasse
852 2409 986 2461 mihi
1019 2409 1208 2462 uideor
1240 2408 1385 2460 -in
1417 2407 1622 2460 duabus
1656 2407 1799 2460 codi-

102 2498 227 2533 cum
265 2479 488 2533 familiis
526 2483 758 2534 aetatem
796 2483 1053 2552 tulerunt,
1084 2500 1312 2551 quarum
1343 2499 1452 2533 una
1483 2499 1549 2533 ex
1579 2480 1802 2533 Bruxel-

104 2553 242 2605 lensi
283 2552 441 2623 (saec.
473 2553 619 2623 XII),
659 2555 828 2608 altera
867 2573 932 2608 ex
969 2556 1121 2608 libris
1159 2573 1321 2624 supra
1360 2554 1556 2606 adlatis
1597 2555 1797 2607 saeculi

103 2626 209 2679 XV
251 2629 478 2680 constat.
538 2627 671 2680 haec
717 2628 888 2681 altera
933 2629 1162 2694 familia,
1209 2646 1534 2698 quamquam
1578 2628 1637 2680 in
1681 2628 1799 2680 uni-

103 2717 318 2753 uersum
359 2700 575 2769 quidem
610 2700 947 2755 Bruxellensi
986 2701 1127 2755 cedit
1165 2702 1425 2770 bonitate,
1463 2706 1648 2755 tamen
1686 2719 1800 2755 non

224 2860 267 2916 *)
297 2859 502 2917 repetita
534 2862 604 2905 est
642 2860 758 2906 haec
798 2859 1196 2918 disputatiuncula
1228 2875 1286 2906 ex
1317 2861 1611 2907 Fleckeiseni
1643 2860 1802 2906 annal.

102 2931 146 2962 a.
175 2923 287 2963 1878
319 2933 365 2975 p.
400 2923 484 2963 119
503 2934 604 2975 sqq.
