1992 3238
769 185 1163 231 VERGILIANA.
1744 186 1824 239 25

130 321 306 374 altera
349 324 549 391 [progr
593 319 1166 387 Francofurt.1865],
1215 319 1722 375 Car.Sohenkelius
1761 322 1818 373 in

67 452 71 453 γ
124 393 464 446 ‘Zeitsehrift
515 394 550 447 f.
606 396 823 447 oesterr.
878 391 1175 462 Gymnas&
1234 395 1396 463 1867,
1450 413 1501 464 p.
1545 395 1646 446 771
1688 412 1822 463 sqq.

54 471 56 473 ’
121 467 353 520 Iacobus
413 466 632 536 Maehly
692 467 749 519 in
810 483 1034 519 censura
1096 467 1405 535 appendicis
1467 467 1816 538 Vergilianas

121 540 520 593 Ribbeokianae
588 540 645 592 in
715 537 1131 609 Heidelberger
1194 538 1229 591 J
1233 539 1586 604 ahrbuoher
1661 541 1823 610 1870,

124 631 177 682 p.
226 614 255 665 7
266 613 333 666 79
368 631 485 683 sqq.
554 612 782 681 denique
844 630 1014 682 pauca
1070 612 1334 681 quaedam
1390 614 1516 665 olim
1571 582 1823 667 'Robinso

57 748 59 750 v
120 686 346 739 Ellisius
383 687 599 756 Anglus
646 703 743 754 per
788 685 999 738 litteras
1046 685 1335 738 nobiseum
1388 687 1820 759 communicauit.

271 860 388 914 Iam
436 864 490 914 et
536 879 641 930 quo
688 862 803 914 iure
850 862 1066 931 singula
1113 860 1353 914 carmina
1400 861 1466 913 ad
1515 860 1818 930 Vergilium

122 934 427 988 referantur
467 938 520 987 et
560 953 664 1004 quo
711 938 952 1003 tempore
998 937 1117 987 tota
1158 934 1369 1004 sylloge
1410 934 1480 986 sit
1520 935 1825 1003 composita

126 1008 530 1078 disquirendum
569 1010 665 1060 est.

277 1080 560 1134 Culicem
596 1081 737 1151 quod
761 1079 1050 1134 Suetonius
1084 1081 1202 1134 loco
1230 1099 1392 1150 supra
1414 1099 1465 1149 p.
1490 1081 1525 1133 4
1552 1082 1822 1149 exscripto

124 1174 157 1207 a
202 1154 449 1225 Vergilio
501 1155 838 1208 sedecennali
885 1155 1090 1207 factum
1139 1155 1288 1223 dicit,
1342 1154 1666 1207 confirmant
1711 1154 1824 1207 fere

124 1230 425 1281 ceterorum
463 1228 790 1281 testimonia.
844 1246 970 1280 nam
1004 1231 1058 1280 et
1089 1227 1339 1280 Lucanus
1378 1230 1518 1280 teste
1554 1229 1667 1280 eius
1706 1228 1823 1281 uita

126 1300 462 1355 Suetoniana
504 1303 574 1370 [p.
615 1302 686 1355 50
726 1301 903 1368 Reiff]
950 1303 1009 1354 iu
1045 1302 1372 1368 praefatione
1411 1301 1637 1368 quadam
1683 1306 1823 1355 aeta-

124 1379 223 1427 tem
272 1379 320 1427 et
371 1376 530 1427 initia
583 1392 680 1428 sua
735 1392 850 1428 eum
906 1375 1129 1442 Veryilio
1183 1391 1487 1442 compararis
1540 1392 1699 1428 ausus
1751 1379 1827 1428 est

122 1448 313 1501 dicere:
351 1464 408 1512 a,
447 1452 700 1514 quantum
737 1447 870 1501 mihi
906 1452 1065 1501 restat
1102 1449 1174 1501 ad
1211 1447 1467 1502 Culicem!
1531 1451 1714 1517 aperte
1754 1448 1822 1500 ad

122 1525 366 1574 teneram
405 1520 639 1591 Vergilii
679 1521 868 1589 poesin
910 1521 1244 1589 auspicantis
1287 1523 1520 1574 aetatem
1562 1521 1823 1575 adludens

126 1597 181 1647 et
224 1592 432 1647 Statius
483 1594 624 1661 [silu.
670 1593 724 1647 II
775 1595 830 1663 7,
882 1595 949 1647 73
976 1596 1074 1664 sq]
1127 1594 1330 1648 Lucani
1376 1595 1483 1647 ista
1530 1595 1698 1648 uerba
1743 1613 1825 1647 re·
1887 1592 1895 1597 “

125 1667 357 1737 spiciens
396 1668 594 1736 inquit:

426 1741 573 1794 Haeo
602 1742 778 1808 primo
817 1742 1022 1794 iuuenis
1060 1758 1212 1794 canes
1250 1742 1343 1795 sub
1381 1758 1508 1795 aeuo

427 1815 566 1867 Ante
603 1831 768 1869 aurcos
807 1815 981 1868 culicis
1018 1816 1334 1868 Marouiaui
1344 1813 1397 1886 ²⁸)

126 1886 374 1956 idemque
408 1886 611 1941 Statius
646 1888 701 1940 in
739 1888 1056 1957 prohoemio
1096 1888 1223 1941 libri
1262 1889 1427 1957 primi
1466 1888 1617 1941 dicit:
1656 1889 1745 1942 sed
1778 1893 1829 1941 et

127 1958 352 2013 Culicem
392 1961 605 2029 legimus
643 1966 690 2014 et
724 1961 1368 2031 Batrachomyomachiam
1405 1963 1560 2015 etiam
1598 1963 1825 2030 aquosoi-

126 2049 271 2096 mus;
310 2051 400 2087 uec
439 2036 712 2102 quisquam
751 2040 824 2088 est
859 2036 1142 2088 illustrium
1171 2040 1444 2102 poetarum
1474 2037 1564 2103 qui
1593 2053 1698 2088 nou
1728 2036 1825 2088 ali

129 2107 259 2175 quid
280 2108 511 2175 operibus
533 2110 643 2162 suis
666 2109 782 2161 stilo
806 2110 1093 2162 remissiore
1104 2109 1439 2177 praeluserit3
1468 2127 1586 2162 eum
1613 2109 1826 2179 quibus,

130 2180 274 2248 quod
311 2181 379 2233 ad
417 2181 764 2250 praeludendi
795 2182 1020 2235 uerbum
1053 2182 1261 2250 attinet,
1300 2182 1551 2252 congruit
1585 2182 1639 2235 id
1681 2183 1823 2252 quod

124 2251 338 2305 Phoeas
385 2256 771 2324 grammaticus
818 2256 875 2308 in
920 2256 1036 2309 uita
1073 2224 1303 2326 Vergilii
1352 2257 1576 2308 metrica
1617 2258 1687 2322 [11.
1730 2253 1821 2326 84]

131 2326 340 2379 scribit:
388 2327 506 2380 hinc
543 2328 737 2382 Culicis
777 2330 918 2382 tenui
945 2330 1204 2397 praelusit
1238 2330 1429 2395 fimera
1465 2346 1633 2382 uersu.
1697 2332 1827 2397 post

127 2397 361 2452 Statium
386 2399 657 2454 Martialis
681 2402 766 2455 bis
786 2400 1026 2455 Culicem
1053 2406 1442 2456 commemorat
1465 2401 1599 2455 VIII
1617 2402 1704 2471 56,
1733 2402 1823 2454 19:

273 2473 525 2528 Protinus
561 2474 782 2528 Italiam
819 2477 1042 2544 concepit
1078 2480 1126 2528 et
1161 2493 1314 2528 arma
1351 2477 1645 2543 uirumque,

352 2547 454 2613 Qui
490 2549 638 2601 modo
674 2550 771 2602 uix
808 2548 1029 2603 Oulieem
1068 2550 1284 2616 sleuerat
1320 2567 1404 2603 ore
1440 2550 1564 2602 rudi

127 2622 182 2672 et
218 2638 380 2688 porro
419 2620 548 2674 XIV
592 2622 718 2675 185:

279 2779 324 2838 *)
355 2781 440 2825 hos
473 2794 634 2825 uersus
668 2794 722 2825 eo
755 2794 845 2838 quo
876 2781 1042 2825 traditi
1071 2783 1179 2826 sunt
1210 2781 1313 2826 loco
1344 2795 1439 2826 non
1469 2795 1602 2839 posse
1633 2781 1824 2827 retineri

127 2839 362 2896 persuasit
391 2839 508 2883 mihi
539 2839 580 2885 J.
606 2839 645 2883 J.
678 2838 969 2884 Cornelissen
1001 2838 1242 2899 [Mnemos
1271 2841 1429 2899 1877];
1460 2843 1670 2898 putoque
1701 2854 1824 2885 nunc

127 2911 174 2943 11.
209 2902 262 2942 73
288 2912 357 2954 sq.
390 2900 438 2943 et
469 2903 526 2943 60
550 2913 616 2954 sq.
651 2898 775 2943 inter
806 2912 854 2943 se
885 2899 1258 2956 transponendos
1290 2913 1404 2944 esse.
