1992 3238
207 195 312 246 122
594 194 714 238 XVI.
755 192 1068 238 APPENDIX
1097 193 1492 242 VERGILIANA.

275 329 425 381 Haec
466 328 641 397 operis
679 327 859 381 forma
889 331 992 398 est,
1033 329 1108 382 sic
1146 329 1345 382 nobilis
1376 330 1550 383 uritur
1580 330 1779 384 Aetna:

202 401 370 454 Terra
407 401 762 455 foraminibus
801 402 944 455 uires
982 402 1174 471 trahit,
1211 405 1408 472 urguet
1444 404 1503 455 in
1541 407 1719 457 artum

202 473 457 544 Spiritus,
495 475 709 528 incendi
747 476 838 528 uia
875 477 937 529 fit
974 494 1070 544 per
1109 476 1343 528 maxima
1383 494 1525 529 saxa.

272 548 592 617 Magnificas
632 549 782 601 aulas
823 566 1152 618 operosaque
1190 551 1363 612 uisere
1401 550 1606 618 templa

198 619 419 674 Diuitiis
459 622 740 675 hominum
779 626 872 675 aut
911 622 1076 676 sacris
1115 623 1464 676 memoranda
1501 623 1731 676 uetustis
1799 635 1886 678 570

199 695 456 748 Traducti
494 696 665 749 maria
705 696 956 749 extremis
995 714 1093 764 per
1129 696 1374 763 proxima
1410 696 1541 748 fatis

199 766 476 822 Ourrimus
518 773 680 839 atque
721 769 865 822 auidi
903 769 1102 822 ueteris
1142 769 1420 823 mendacia
1455 770 1634 842 famae

197 841 453 903 Eruimus
493 846 817 911 cunctasque
856 843 990 895 libet
1027 843 1333 912 perquirere
1373 846 1579 912 gentes

196 915 355 969 Nunc
394 916 548 970 iuuat
587 915 815 986 Ogygiis
855 916 1187 980 circumdata
1225 916 1440 969 moenia
1478 916 1677 969 Thebis

197 987 451 1059 Cernere,
493 1008 629 1059 quae
671 991 887 1058 fratreS,
916 990 1019 1042 ,ille
1058 989 1291 1060 impiger
1328 990 1419 1043 ille
1458 1008 1708 1060 canorUS,
1799 1002 1884 1044 575

194 1061 470 1115 Inuitante
511 1064 628 1115 ausi
667 1066 792 1116 sunt
831 1063 1065 1116 carmine
1104 1081 1235 1116 saxa
1271 1064 1497 1132 lyraque
1798 1076 1883 1117 577

196 1135 461 1204 Condere,
498 1136 790 1205 felicesque
823 1137 998 1189 alieno
1037 1136 1362 1189 intersumus
1403 1155 1560 1205 aeuo3
1797 1149 1883 1190 576

194 1208 353 1262 Nunc
394 1210 609 1279 gemina
649 1229 713 1262 ex
750 1228 858 1263 uno
896 1210 1165 1263 fumantia
1204 1228 1357 1263 sacra
1394 1228 1595 1279 uapore

193 1282 459 1335 Miramur
498 1286 806 1353 septemque
846 1284 1005 1337 duces
1045 1287 1363 1353 raptumque
1402 1283 1684 1352 profundo.

193 1355 417 1409 Detinet
453 1357 688 1410 Eurotas
728 1358 842 1410 illic
880 1360 934 1410 et
973 1355 1169 1426 Sparta
1206 1356 1443 1427 Lycurgi
1796 1368 1883 1410 580

191 1429 268 1493 Et
308 1448 455 1483 sacer
492 1431 550 1484 in
588 1431 791 1483 bellum
830 1449 1107 1499 numeruS‚
1148 1449 1244 1484 sua
1281 1432 1442 1484 turba
1479 1431 1702 1500 regenti:

191 1502 349 1556 Nunc
388 1504 476 1557 hic
508 1505 744 1558 claratae
781 1504 949 1557 uariis
991 1506 1304 1574 spectantur
1342 1505 1588 1558 Athenae

311 1742 396 1783 566
426 1737 579 1783 forma
611 1737 773 1782 Christ.
815 1737 1027 1792 Wolfius:
1059 1738 1187 1783 fama
1211 1742 1242 1781 0
1275 1751 1456 1782 summa
1485 1737 1691 1794 Scaliyer
1717 1738 1724 1794 Ι
1750 1735 1883 1793 igno-

190 1796 299 1840 bilis
331 1802 358 1839 c
410 1798 416 1852 Ι
469 1796 619 1841 uritur
650 1810 697 1844 5:
730 1795 879 1841 utitur
911 1801 990 1839 011
1027 1799 1043 1854 ΙΙ
1081 1802 1166 1842 567
1198 1797 1357 1841 trahet
1385 1800 1428 1838 11
1458 1811 1515 1842 m.
1547 1801 1573 1840 1
1619 1798 1625 1852 Ι
1666 1795 1803 1852 urget
1832 1793 1883 1838 in

191 1857 301 1900 actu
323 1859 366 1897 11
388 1857 404 1912 ΙΙ
427 1859 513 1900 568
546 1856 625 1899 uia
652 1856 705 1899 fit
735 1870 819 1912 per
848 1857 1033 1912 scripsi:
1065 1855 1187 1900 uiuit
1209 1869 1293 1912 per
1317 1859 1347 1898 0
1381 1855 1456 1899 cui
1479 1855 1549 1900 uis
1571 1868 1654 1912 per
1677 1853 1883 1910 Scaliyer

189 1915 440 1959 uincuntur
463 1915 705 1971 Hauptius
731 1913 803 1958 uis
826 1913 866 1957 it
888 1928 971 1971 per
996 1915 1175 1959 Munro
1198 1915 1215 1971 ΙΙ
1239 1919 1323 1959 569
1349 1914 1480 1958 aulas
1503 1914 1690 1970 scripsi:
1717 1912 1880 1956 laudes

192 1977 222 2016 0
255 1973 394 2017 aedes
426 1975 524 2019 edd.
558 1977 653 2018 ant.
685 1972 822 2017 urbes
865 1973 1201 2029 Werrisdorfius
1243 1975 1249 2028 Ι
1291 1972 1468 2025 uiscere
1500 1978 1529 2015 c
1566 1974 1582 2029 ΙΙ
1621 1976 1707 2016 570
1739 1970 1881 2016 sacris

190 2033 492 2077 memoranda
515 2033 713 2077 uetustis
740 2033 939 2076 Murcro:
973 2046 1128 2076 sacras
1157 2034 1309 2089 (sacra
1332 2035 1428 2089 Ης)
1452 2044 1708 2076 memorare
1741 2031 1883 2087 (-rant

189 2095 231 2133 11
269 2105 325 2134 m.
365 2092 411 2145 1)
459 2092 669 2136 uetustas
702 2095 732 2133 0
782 2104 914 2135 sacra
951 2105 1185 2136 marmora
1222 2104 1356 2136 resue
1393 2092 1604 2136 uetustas
1639 2088 1844 2145 Scaliger
1867 2087 1883 2146 ΙΙ

191 2153 275 2194 571
309 2149 460 2194 maria
490 2150 549 2195 A.
583 2151 637 2195 de
666 2150 819 2208 Rooy:
859 2149 1059 2194 materia
1090 2154 1120 2193 0
1156 2152 1163 2206 Ι
1197 2149 1415 2194 extremis
1444 2149 1630 2206 scripsi:
1669 2149 1716 2192 et
1745 2146 1881 2192 terris

191 2212 222 2251 0
254 2208 388 2253 tetris
413 2208 618 2265 Scaliger
650 2210 698 2253 et
727 2210 877 2252 terras
901 2208 959 2252 Α.
986 2210 1040 2254 de
1062 2209 1194 2266 Rooy
1224 2210 1433 2265 (quocum
1462 2221 1543 2253 ‘nec
1572 2205 1779 2252 traducti
1801 2219 1883 2272 msc

188 2280 273 2323 per
303 2267 516 2324 proxima
545 2266 656 2312 fatis
682 2268 910 2324 conyruit)
937 2268 944 2325 Ι
970 2268 1071 2327 per]
1105 2281 1190 2324 pro
1214 2271 1257 2310 11
1284 2270 1290 2322 Ι
1317 2267 1451 2322 satris
1475 2272 1517 2310 Η
1540 2267 1556 2323 ΙΙ
1578 2270 1665 2311 572
1691 2266 1882 2319 Quaeri-

188 2341 291 2371 mus
319 2326 563 2382 Hauptius
585 2329 600 2383 ΙΙ
624 2331 710 2371 573
741 2326 1009 2383 perquirere
1040 2327 1224 2383 scripsi:
1257 2340 1522 2383 percurrere
1547 2329 1578 2368 0
1602 2327 1618 2382 ΙΙ
1643 2329 1729 2368 575
1761 2336 1880 2379 quae

190 2390 237 2427 c:
273 2399 362 2441 que
394 2387 468 2430 uel
499 2400 589 2442 que
623 2387 670 2429 et
697 2398 724 2432 ς
756 2388 873 2441 quot
895 2389 938 2428 Η
961 2386 976 2441 ΙΙ
1001 2391 1085 2430 576
1118 2390 1160 2430 et
1190 2390 1275 2430 577
1307 2386 1428 2430 inter
1457 2399 1502 2430 se
1532 2385 1712 2429 traiecit
1743 2383 1880 2427 Iaco-

190 2445 273 2488 bus
310 2446 326 2500 ΙΙ
366 2448 420 2488 57
427 2450 450 2489 7
482 2444 719 2489 Inuitante
749 2445 934 2500 scripsi:
975 2445 1184 2489 Inuitata
1215 2450 1281 2491 ῦς
1320 2444 1475 2489 Inuita
1505 2447 1547 2486 H
1589 2444 1597 2500 Ι
1639 2441 1742 2487 ausi
1772 2442 1881 2486 sunt

188 2503 449 2560 Hauptius:
491 2503 582 2560 piis
614 2517 736 2547 nunc
769 2507 850 2546 (ΞΗ
887 2503 965 2560 pio
996 2518 1119 2547 nunc
1152 2516 1180 2551 ς
1220 2504 1298 2560 pio
1331 2504 1447 2548 duce
1480 2502 1681 2547 Iacobus
1707 2503 1713 2558 Ι
1742 2512 1880 2545 carne

187 2565 230 2603 11
259 2575 317 2606 m.
348 2567 375 2606 1
404 2563 411 2618 Ι
438 2562 571 2618 lireq3
602 2567 644 2605 Η
666 2564 682 2619 ΙΙ
706 2566 791 2606 576
821 2562 1101 2607 intersumus
1133 2568 1182 2607 c:
1217 2563 1473 2607 intersfimo
1503 2564 1546 2604 Η
1584 2561 1767 2618 (peiora
1797 2561 1842 2615 ς)
1864 2558 1881 2617 ΙΙ

189 2624 273 2664 578
306 2621 501 2676 Vnaque
532 2636 654 2666 nunc
693 2620 878 2678 gemino
914 2620 1079 2667 Christ.
1121 2622 1314 2678 Wolfius
1363 2623 1368 2678 Ι
1419 2620 1493 2678 ex]
1528 2621 1578 2664 et
1599 2623 1642 2662 11
1690 2621 1697 2675 Ι
1748 2631 1880 2663 sacra

188 2679 415 2736 Scaliyer:
449 2692 560 2723 saxa
584 2684 615 2722 0
639 2681 655 2736 ΙΙ
679 2683 764 2724 580
795 2694 907 2724 mim
937 2679 1046 2725 illos
1078 2682 1137 2737 (et
1167 2695 1213 2724 u.
1248 2684 1333 2725 582
1364 2679 1459 2735 his)
1489 2678 1513 2723 ‚2
1541 2680 1548 2736 Ι
1578 2679 1747 2735 Sparta
1777 2677 1876 2721 edd.

187 2741 307 2783 ant.:
342 2738 512 2794 Sparsa
544 2742 574 2780 0
603 2739 609 2796 Ι
636 2739 825 2796 lygurgi
855 2744 884 2781 c
915 2738 1122 2796 ligurget
1152 2745 1193 2784 Η
1215 2740 1231 2796 ΙΙ
1254 2743 1338 2783 581
1371 2739 1529 2782 turma
1558 2737 1841 2782 Schraderus
1867 2734 1872 2793 Ι

189 2797 372 2854 regenti
403 2796 628 2853 Scaliyer:
661 2797 838 2842 recenti
871 2802 902 2840 0
940 2799 956 2855 ΙΙ
995 2802 1079 2842 582
1114 2798 1316 2843 claratae
1346 2797 1531 2853 scripsi:
1573 2795 1814 2852 cycropiae
1847 2798 1876 2835 G

187 2857 288 2958 cqtlzp
319 2855 449 2912 parie
483 2857 552 2913 (in
583 2855 705 2901 cicro
737 2857 812 2913 pie
843 2869 958 2901 corr.
990 2871 1048 2902 m.
1079 2859 1131 2914 2)
1162 2862 1202 2901 Η
1233 2856 1473 2913 cecropiae
1500 2867 1527 2902 ς
1553 2854 1561 2914 Ι
1588 2855 1786 2899 athenae
1827 2866 1891 2902 ςὶ

190 2927 219 2957 a
276 2914 373 2960 enis
405 2919 485 2958 (ΞΗ
