<?xml version="1.0" encoding="UTF-8"?>
<!DOCTYPE html PUBLIC "-//W3C//DTD XHTML 1.0 Transitional//EN"
    "http://www.w3.org/TR/xhtml1/DTD/xhtml1-transitional.dtd">
<html xmlns="http://www.w3.org/1999/xhtml" xml:lang="en" lang="en">
 <head>
  <title>
</title>
<meta http-equiv="Content-Type" content="text/html;charset=utf-8" />
  <meta name='ocr-system' content='tesseract 3.04.00' />
  <meta name='ocr-capabilities' content='ocr_page ocr_carea ocr_par ocr_line ocrx_word'/>
</head>
<body>
  <div class='ocr_page' id='page_1' title='image "./poetaelatinimino02baehuoft_0122.png"; bbox 0 0 1992 3238; ppageno 0'>
   <div class='ocr_carea' id='block_1_1' title="bbox 200 187 1500 243">
    <p class='ocr_par' dir='ltr' id='par_1_1' title="bbox 200 187 1500 243">
     <span class='ocr_line' id='line_1_1' title="bbox 200 187 1500 243; baseline -0.004 -6"><span class='ocrx_word' id='word_1_1' title='bbox 200 191 304 243; x_wconf 86' lang='lat'>118</span> <span class='ocrx_word' id='word_1_2' title='bbox 587 188 708 233; x_wconf 91' lang='lat' dir='ltr'><strong>XVI.</strong></span> <span class='ocrx_word' id='word_1_3' title='bbox 749 188 1062 233; x_wconf 84' lang='lat' dir='ltr'>APPENDIX</span> <span class='ocrx_word' id='word_1_4' title='bbox 1103 187 1500 234; x_wconf 83' lang='lat' dir='ltr'>VERGILIANA.</span> 
     </span>
    </p>
   </div>
   <div class='ocr_carea' id='block_1_2' title="bbox 197 322 1895 981">
    <p class='ocr_par' dir='ltr' id='par_1_2' title="bbox 207 322 1630 389">
     <span class='ocr_line' id='line_1_2' title="bbox 207 322 1630 389; baseline -0.003 -11"><span class='ocrx_word' id='word_1_5' title='bbox 207 325 361 389; x_wconf 83' lang='lat' dir='ltr'>Quod</span> <span class='ocrx_word' id='word_1_6' title='bbox 402 324 448 377; x_wconf 89' lang='lat' dir='ltr'>si</span> <span class='ocrx_word' id='word_1_7' title='bbox 487 324 626 376; x_wconf 89' lang='lat' dir='ltr'>forte</span> <span class='ocrx_word' id='word_1_8' title='bbox 668 323 814 376; x_wconf 90' lang='lat' dir='ltr'>cauis</span> <span class='ocrx_word' id='word_1_9' title='bbox 855 325 1136 376; x_wconf 87' lang='lat' dir='ltr'>cunctatus</span> <span class='ocrx_word' id='word_1_10' title='bbox 1176 323 1411 375; x_wconf 89' lang='lat' dir='ltr'>uallibus</span> <span class='ocrx_word' id='word_1_11' title='bbox 1455 322 1630 375; x_wconf 88' lang='lat' dir='ltr'>haesit</span> 
     </span>
    </p>

    <p class='ocr_par' dir='ltr' id='par_1_3' title="bbox 197 396 1895 981">
     <span class='ocr_line' id='line_1_3' title="bbox 205 396 1673 466; baseline -0.002 -15"><span class='ocrx_word' id='word_1_12' title='bbox 205 399 318 452; x_wconf 84' lang='lat' dir='ltr'>Aut</span> <span class='ocrx_word' id='word_1_13' title='bbox 357 416 454 466; x_wconf 88' lang='lat' dir='ltr'>per</span> <span class='ocrx_word' id='word_1_14' title='bbox 494 397 790 465; x_wconf 88' lang='lat' dir='ltr'>inaequalis</span> <span class='ocrx_word' id='word_1_15' title='bbox 830 397 1054 450; x_wconf 89' lang='lat' dir='ltr'>uoluens</span> <span class='ocrx_word' id='word_1_16' title='bbox 1094 396 1449 464; x_wconf 72' lang='lat' dir='ltr'>compescitur</span> <span class='ocrx_word' id='word_1_17' title='bbox 1489 413 1673 466; x_wconf 85' lang='lat' dir='ltr'>agros,</span> 
     </span>
     <span class='ocr_line' id='line_1_4' title="bbox 202 470 1895 540; baseline 0 -16"><span class='ocrx_word' id='word_1_18' title='bbox 202 471 513 540; x_wconf 88' lang='lat' dir='ltr'>Ingeminat</span> <span class='ocrx_word' id='word_1_19' title='bbox 550 470 745 523; x_wconf 91' lang='lat' dir='ltr'>fluctus</span> <span class='ocrx_word' id='word_1_20' title='bbox 785 473 840 523; x_wconf 92' lang='lat' dir='ltr'>et</span> <span class='ocrx_word' id='word_1_21' title='bbox 882 470 1151 523; x_wconf 82' lang='lat' dir='ltr'>stantibus</span> <span class='ocrx_word' id='word_1_22' title='bbox 1190 470 1432 537; x_wconf 87' lang='lat' dir='ltr'>increpat</span> <span class='ocrx_word' id='word_1_23' title='bbox 1470 470 1655 522; x_wconf 90' lang='lat' dir='ltr'>undis:</span> <span class='ocrx_word' id='word_1_24' title='bbox 1806 483 1895 524; x_wconf 85' lang='lat'>494</span> 
     </span>
     <span class='ocr_line' id='line_1_5' title="bbox 203 543 1895 613; baseline 0 -16"><span class='ocrx_word' id='word_1_25' title='bbox 203 544 419 597; x_wconf 87' lang='lat' dir='ltr'>Emicat</span> <span class='ocrx_word' id='word_1_26' title='bbox 460 562 684 596; x_wconf 85' lang='lat' dir='ltr'>examen</span> <span class='ocrx_word' id='word_1_27' title='bbox 724 543 924 613; x_wconf 82' lang='lat' dir='ltr'>plagis3</span> <span class='ocrx_word' id='word_1_28' title='bbox 965 543 1210 596; x_wconf 86' lang='lat' dir='ltr'>ardentia</span> <span class='ocrx_word' id='word_1_29' title='bbox 1249 561 1376 596; x_wconf 86' lang='lat' dir='ltr'>saxa</span> <span class='ocrx_word' id='word_1_30' title='bbox 1808 556 1895 597; x_wconf 90' lang='grc'>505</span> 
     </span>
     <span class='ocr_line' id='line_1_6' title="bbox 203 615 1734 688; baseline -0.001 -18"><span class='ocrx_word' id='word_1_31' title='bbox 203 616 507 687; x_wconf 80' lang='lat' dir='ltr'>(Scintillas</span> <span class='ocrx_word' id='word_1_32' title='bbox 547 618 737 686; x_wconf 85' lang='lat' dir='ltr'>procul</span> <span class='ocrx_word' id='word_1_33' title='bbox 778 635 898 671; x_wconf 92' lang='lat' dir='ltr'>ecce</span> <span class='ocrx_word' id='word_1_34' title='bbox 937 617 1080 685; x_wconf 89' lang='lat' dir='ltr'>uide,</span> <span class='ocrx_word' id='word_1_35' title='bbox 1120 618 1309 685; x_wconf 93' lang='lat' dir='ltr'>procul</span> <span class='ocrx_word' id='word_1_36' title='bbox 1347 634 1465 670; x_wconf 90' lang='lat' dir='ltr'>ecce</span> <span class='ocrx_word' id='word_1_37' title='bbox 1504 615 1734 688; x_wconf 86' lang='lat' dir='ltr'>ruentis)</span> 
     </span>
     <span class='ocr_line' id='line_1_7' title="bbox 201 690 1649 760; baseline 0.001 -17"><span class='ocrx_word' id='word_1_38' title='bbox 201 690 466 744; x_wconf 84' lang='lat' dir='ltr'>Incolumi</span> <span class='ocrx_word' id='word_1_39' title='bbox 503 691 716 744; x_wconf 85' lang='lat' dir='ltr'>feruore</span> <span class='ocrx_word' id='word_1_40' title='bbox 759 691 978 758; x_wconf 80' lang='lat' dir='ltr'>cadunt3</span> <span class='ocrx_word' id='word_1_41' title='bbox 1018 691 1123 742; x_wconf 89' lang='lat' dir='ltr'>fert</span> <span class='ocrx_word' id='word_1_42' title='bbox 1159 690 1391 758; x_wconf 88' lang='lat' dir='ltr'>impetus</span> <span class='ocrx_word' id='word_1_43' title='bbox 1430 691 1649 760; x_wconf 64' lang='lat' dir='ltr'>iugem,</span> 
     </span>
     <span class='ocr_line' id='line_1_8' title="bbox 200 763 1895 835; baseline 0 -18"><span class='ocrx_word' id='word_1_44' title='bbox 200 763 475 833; x_wconf 84' lang='lat' dir='ltr'>Symaethi</span> <span class='ocrx_word' id='word_1_45' title='bbox 515 765 786 835; x_wconf 87' lang='lat' dir='ltr'>quondam</span> <span class='ocrx_word' id='word_1_46' title='bbox 825 767 886 815; x_wconf 93' lang='lat' dir='ltr'>ut</span> <span class='ocrx_word' id='word_1_47' title='bbox 923 763 1070 832; x_wconf 85' lang='lat' dir='ltr'>ripas</span> <span class='ocrx_word' id='word_1_48' title='bbox 1109 763 1385 816; x_wconf 88' lang='lat' dir='ltr'>traiecerit</span> <span class='ocrx_word' id='word_1_49' title='bbox 1423 764 1618 834; x_wconf 81' lang='lat' dir='ltr'>amnis3</span> <span class='ocrx_word' id='word_1_50' title='bbox 1807 776 1895 817; x_wconf 86' lang='lat'>508</span> 
     </span>
     <span class='ocr_line' id='line_1_9' title="bbox 198 836 1887 906; baseline 0 -15"><span class='ocrx_word' id='word_1_51' title='bbox 198 836 348 891; x_wconf 86' lang='lat' dir='ltr'>Sicut</span> <span class='ocrx_word' id='word_1_52' title='bbox 387 856 506 891; x_wconf 92' lang='lat' dir='ltr'>cum</span> <span class='ocrx_word' id='word_1_53' title='bbox 543 838 792 906; x_wconf 88' lang='lat' dir='ltr'>rapidum</span> <span class='ocrx_word' id='word_1_54' title='bbox 831 855 995 889; x_wconf 93' lang='lat' dir='ltr'>curuo</span> <span class='ocrx_word' id='word_1_55' title='bbox 1034 855 1182 890; x_wconf 91' lang='lat' dir='ltr'>mare</span> <span class='ocrx_word' id='word_1_56' title='bbox 1223 838 1463 890; x_wconf 90' lang='lat' dir='ltr'>cernulat</span> <span class='ocrx_word' id='word_1_57' title='bbox 1501 840 1653 891; x_wconf 91' lang='lat' dir='ltr'>aestu</span> <span class='ocrx_word' id='word_1_58' title='bbox 1798 851 1887 891; x_wconf 86' lang='lat'>495</span> 
     </span>
     <span class='ocr_line' id='line_1_10' title="bbox 197 910 1506 981; baseline -0.002 -17"><span class='ocrx_word' id='word_1_59' title='bbox 197 910 279 965; x_wconf 90' lang='lat' dir='ltr'>Ac</span> <span class='ocrx_word' id='word_1_60' title='bbox 317 912 554 980; x_wconf 91' lang='lat' dir='ltr'>primum</span> <span class='ocrx_word' id='word_1_61' title='bbox 592 911 767 964; x_wconf 90' lang='lat' dir='ltr'>tenuis</span> <span class='ocrx_word' id='word_1_62' title='bbox 807 911 981 963; x_wconf 90' lang='lat' dir='ltr'>undas</span> <span class='ocrx_word' id='word_1_63' title='bbox 1022 910 1137 981; x_wconf 90' lang='lat' dir='ltr'>agit</span> <span class='ocrx_word' id='word_1_64' title='bbox 1175 911 1506 979; x_wconf 90' lang='lat' dir='ltr'>ulteriusque</span> 
     </span>
    </p>
   </div>
   <div class='ocr_carea' id='block_1_3' title="bbox 199 984 1517 1055">
    <p class='ocr_par' dir='ltr' id='par_1_4' title="bbox 199 984 1517 1055">
     <span class='ocr_line' id='line_1_11' title="bbox 199 984 1517 1055; baseline -0.001 -18"><span class='ocrx_word' id='word_1_65' title='bbox 199 984 559 1055; x_wconf 86' lang='lat' dir='ltr'>Progrediens</span> <span class='ocrx_word' id='word_1_66' title='bbox 598 986 706 1037; x_wconf 89' lang='lat' dir='ltr'>late</span> <span class='ocrx_word' id='word_1_67' title='bbox 747 984 1063 1037; x_wconf 76' lang='lat' dir='ltr'>diffunditur</span> <span class='ocrx_word' id='word_1_68' title='bbox 1101 986 1156 1037; x_wconf 91' lang='lat' dir='ltr'>et</span> <span class='ocrx_word' id='word_1_69' title='bbox 1196 1002 1517 1038; x_wconf 89' lang='lat' dir='ltr'>succernens</span> 
     </span>
    </p>
   </div>
   <div class='ocr_carea' id='block_1_4' title="bbox 933 1057 1173 1128">
    <p class='ocr_par' dir='ltr' id='par_1_5' title="bbox 933 1057 1173 1128">
     <span class='ocr_line' id='line_1_12' title="bbox 1038 1057 1068 1088; baseline 0 -7"><span class='ocrx_word' id='word_1_70' title='bbox 1038 1057 1068 1088; x_wconf 66' lang='lat' dir='ltr'>a:</span> 
     </span>
     <span class='ocr_line' id='line_1_13' title="bbox 933 1095 1173 1128; baseline -0.008 0"><span class='ocrx_word' id='word_1_71' title='bbox 933 1098 963 1128; x_wconf 55' lang='grc' dir='ltr'>ἧς</span> <span class='ocrx_word' id='word_1_72' title='bbox 1144 1095 1173 1126; x_wconf 62' lang='lat' dir='ltr'>ti&lt;</span> 
     </span>
    </p>
   </div>
   <div class='ocr_carea' id='block_1_5' title="bbox 202 1146 1628 1289">
    <p class='ocr_par' dir='ltr' id='par_1_6' title="bbox 202 1146 1628 1289">
     <span class='ocr_line' id='line_1_14' title="bbox 204 1146 1570 1216; baseline 0.001 -18"><span class='ocrx_word' id='word_1_73' title='bbox 204 1146 457 1198; x_wconf 88' lang='lat' dir='ltr'>Flumina</span> <span class='ocrx_word' id='word_1_74' title='bbox 496 1147 797 1199; x_wconf 90' lang='lat' dir='ltr'>consistunt</span> <span class='ocrx_word' id='word_1_75' title='bbox 835 1146 968 1214; x_wconf 82' lang='lat' dir='ltr'>ripis</span> <span class='ocrx_word' id='word_1_76' title='bbox 1009 1164 1071 1198; x_wconf 90' lang='lat' dir='ltr'>ac</span> <span class='ocrx_word' id='word_1_77' title='bbox 1110 1146 1310 1216; x_wconf 83' lang='lat' dir='ltr'>frigore</span> <span class='ocrx_word' id='word_1_78' title='bbox 1351 1146 1570 1214; x_wconf 87' lang='lat' dir='ltr'>durant,</span> 
     </span>
     <span class='ocr_line' id='line_1_15' title="bbox 202 1219 1628 1289; baseline 0 -17"><span class='ocrx_word' id='word_1_79' title='bbox 202 1219 577 1288; x_wconf 89' lang='lat' dir='ltr'>Paulatimque</span> <span class='ocrx_word' id='word_1_80' title='bbox 616 1220 769 1289; x_wconf 86' lang='lat' dir='ltr'>ignes</span> <span class='ocrx_word' id='word_1_81' title='bbox 810 1219 1006 1273; x_wconf 90' lang='lat' dir='ltr'>cedunt</span> <span class='ocrx_word' id='word_1_82' title='bbox 1045 1238 1107 1273; x_wconf 89' lang='lat' dir='ltr'>ac</span> <span class='ocrx_word' id='word_1_83' title='bbox 1145 1219 1394 1272; x_wconf 89' lang='lat' dir='ltr'>flammea</span> <span class='ocrx_word' id='word_1_84' title='bbox 1433 1220 1628 1272; x_wconf 90' lang='lat' dir='ltr'>massis</span> 
     </span>
    </p>
   </div>
   <div class='ocr_carea' id='block_1_6' title="bbox 199 1292 1992 1363">
    <p class='ocr_par' dir='ltr' id='par_1_7' title="bbox 199 1292 1992 1363">
     <span class='ocr_line' id='line_1_16' title="bbox 199 1292 1992 1363; baseline 0.001 -17"><span class='ocrx_word' id='word_1_85' title='bbox 199 1292 434 1346; x_wconf 84' lang='lat' dir='ltr'>Exuitur</span> <span class='ocrx_word' id='word_1_86' title='bbox 471 1293 651 1346; x_wconf 88' lang='lat' dir='ltr'>facies.</span> <span class='ocrx_word' id='word_1_87' title='bbox 712 1295 853 1363; x_wconf 83' lang='lat' dir='ltr'>tum,</span> <span class='ocrx_word' id='word_1_88' title='bbox 891 1294 1066 1362; x_wconf 91' lang='lat' dir='ltr'>prima</span> <span class='ocrx_word' id='word_1_89' title='bbox 1105 1296 1166 1346; x_wconf 92' lang='lat' dir='ltr'>ut</span> <span class='ocrx_word' id='word_1_90' title='bbox 1205 1311 1448 1362; x_wconf 90' lang='lat' dir='ltr'>quaeque</span> <span class='ocrx_word' id='word_1_91' title='bbox 1487 1293 1732 1363; x_wconf 85' lang='lat' dir='ltr'>rigescit,</span> <span class='ocrx_word' id='word_1_92' title='bbox 1810 1305 1898 1348; x_wconf 86' lang='lat'>500</span> <span class='ocrx_word' id='word_1_93' title='bbox 1991 1305 1992 1308; x_wconf 78' lang='grc'>’</span> 
     </span>
    </p>
   </div>
   <div class='ocr_carea' id='block_1_7' title="bbox 201 1366 1703 1583">
    <p class='ocr_par' dir='ltr' id='par_1_8' title="bbox 201 1366 1703 1583">
     <span class='ocr_line' id='line_1_17' title="bbox 201 1366 1490 1436; baseline 0.001 -18"><span class='ocrx_word' id='word_1_94' title='bbox 201 1367 430 1419; x_wconf 75' lang='lat' dir='ltr'><strong>Exultat</strong></span> <span class='ocrx_word' id='word_1_95' title='bbox 467 1367 638 1420; x_wconf 91' lang='lat' dir='ltr'>moles</span> <span class='ocrx_word' id='word_1_96' title='bbox 680 1369 839 1436; x_wconf 90' lang='lat' dir='ltr'>atque</span> <span class='ocrx_word' id='word_1_97' title='bbox 879 1367 998 1435; x_wconf 91' lang='lat' dir='ltr'>ipso</span> <span class='ocrx_word' id='word_1_98' title='bbox 1038 1366 1275 1435; x_wconf 88' lang='lat' dir='ltr'>pondere</span> <span class='ocrx_word' id='word_1_99' title='bbox 1313 1369 1490 1420; x_wconf 88' lang='lat' dir='ltr'>tracta</span> 
     </span>
     <span class='ocr_line' id='line_1_18' title="bbox 202 1440 1608 1510; baseline 0 -18"><span class='ocrx_word' id='word_1_100' title='bbox 202 1440 458 1493; x_wconf 91' lang='lat' dir='ltr'>Voluitur</span> <span class='ocrx_word' id='word_1_101' title='bbox 496 1441 704 1510; x_wconf 78' lang='lat' dir='ltr'>ingenti</span> <span class='ocrx_word' id='word_1_102' title='bbox 744 1441 948 1509; x_wconf 85' lang='lat' dir='ltr'>sonitu,</span> <span class='ocrx_word' id='word_1_103' title='bbox 987 1458 1349 1510; x_wconf 86' lang='lat' dir='ltr'>praecepsque</span> <span class='ocrx_word' id='word_1_104' title='bbox 1391 1440 1608 1493; x_wconf 91' lang='lat' dir='ltr'>sonanti</span> 
     </span>
     <span class='ocr_line' id='line_1_19' title="bbox 203 1513 1703 1583; baseline 0 -17"><span class='ocrx_word' id='word_1_105' title='bbox 203 1513 338 1567; x_wconf 85' lang='lat' dir='ltr'>Cum</span> <span class='ocrx_word' id='word_1_106' title='bbox 378 1514 548 1567; x_wconf 86' lang='lat' dir='ltr'>solido</span> <span class='ocrx_word' id='word_1_107' title='bbox 588 1514 778 1567; x_wconf 86' lang='lat' dir='ltr'>inflixa</span> <span class='ocrx_word' id='word_1_108' title='bbox 819 1517 922 1583; x_wconf 86' lang='lat' dir='ltr'>est,</span> <span class='ocrx_word' id='word_1_109' title='bbox 963 1515 1238 1582; x_wconf 77' lang='lat' dir='ltr'>pulsatam</span> <span class='ocrx_word' id='word_1_110' title='bbox 1277 1514 1504 1583; x_wconf 90' lang='lat' dir='ltr'>dissipat</span> <span class='ocrx_word' id='word_1_111' title='bbox 1542 1514 1703 1582; x_wconf 76' lang='lat' dir='ltr'>ictus,</span> 
     </span>
    </p>
   </div>
   <div class='ocr_carea' id='block_1_8' title="bbox 204 1663 559 1668">
    <p class='ocr_par' dir='ltr' id='par_1_9' title="bbox 204 1663 559 1668">
     <span class='ocr_line' id='line_1_20' title="bbox 204 1663 559 1668; baseline 0 0"><span class='ocrx_word' id='word_1_112' title='bbox 204 1663 559 1668; x_wconf 95' lang='lat' dir='ltr'> </span> 
     </span>
    </p>
   </div>
   <div class='ocr_carea' id='block_1_9' title="bbox 319 1746 1897 1804">
    <p class='ocr_par' dir='ltr' id='par_1_10' title="bbox 319 1746 1897 1804">
     <span class='ocr_line' id='line_1_21' title="bbox 319 1746 1897 1804; baseline -0.001 -12"><span class='ocrx_word' id='word_1_113' title='bbox 319 1752 405 1792; x_wconf 84' lang='lat'>492</span> <span class='ocrx_word' id='word_1_114' title='bbox 439 1747 640 1792; x_wconf 89' lang='lat' dir='ltr'>uallibus</span> <span class='ocrx_word' id='word_1_115' title='bbox 666 1752 714 1789; x_wconf 82' lang='lat' dir='ltr'>c:</span> <span class='ocrx_word' id='word_1_116' title='bbox 748 1746 938 1791; x_wconf 87' lang='lat' dir='ltr'>nasibus</span> <span class='ocrx_word' id='word_1_117' title='bbox 972 1746 1110 1803; x_wconf 88' lang='lat' dir='ltr'>(uasis</span> <span class='ocrx_word' id='word_1_118' title='bbox 1141 1761 1196 1791; x_wconf 85' lang='lat' dir='ltr'>m.</span> <span class='ocrx_word' id='word_1_119' title='bbox 1230 1747 1282 1803; x_wconf 77' lang='lat'>2)</span> <span class='ocrx_word' id='word_1_120' title='bbox 1310 1751 1353 1790; x_wconf 82' lang='grc' dir='ltr'><strong>Η</strong></span> <span class='ocrx_word' id='word_1_121' title='bbox 1382 1747 1572 1792; x_wconf 86' lang='lat' dir='ltr'>uasibus</span> <span class='ocrx_word' id='word_1_122' title='bbox 1600 1760 1627 1796; x_wconf 86' lang='grc' dir='ltr'><strong>ς</strong></span> <span class='ocrx_word' id='word_1_123' title='bbox 1650 1749 1666 1804; x_wconf 89' lang='grc' dir='ltr'>ΙΙ</span> <span class='ocrx_word' id='word_1_124' title='bbox 1689 1751 1775 1791; x_wconf 89' lang='grc'>493</span> <span class='ocrx_word' id='word_1_125' title='bbox 1802 1747 1897 1792; x_wconf 85' lang='lat' dir='ltr'>Aut</span> 
     </span>
    </p>
   </div>
   <div class='ocr_carea' id='block_1_10' title="bbox 201 1805 1972 1865">
    <p class='ocr_par' dir='ltr' id='par_1_11' title="bbox 201 1805 1972 1865">
     <span class='ocr_line' id='line_1_22' title="bbox 201 1805 1972 1865; baseline -0.001 -15"><span class='ocrx_word' id='word_1_126' title='bbox 201 1820 284 1863; x_wconf 90' lang='lat' dir='ltr'>per</span> <span class='ocrx_word' id='word_1_127' title='bbox 323 1807 533 1863; x_wconf 76' lang='lat' dir='ltr'>Machly:</span> <span class='ocrx_word' id='word_1_128' title='bbox 589 1806 764 1862; x_wconf 89' lang='lat' dir='ltr'>thote</span> <span class='ocrx_word' id='word_1_129' title='bbox 806 1810 836 1848; x_wconf 95' lang='grc'>0</span> <span class='ocrx_word' id='word_1_130' title='bbox 895 1808 900 1862; x_wconf 92' lang='grc' dir='ltr'>Ι</span> <span class='ocrx_word' id='word_1_131' title='bbox 959 1805 1272 1863; x_wconf 89' lang='lat' dir='ltr'>compescitur</span> <span class='ocrx_word' id='word_1_132' title='bbox 1309 1806 1446 1852; x_wconf 82' lang='lat' dir='ltr'>idem:</span> <span class='ocrx_word' id='word_1_133' title='bbox 1495 1806 1787 1864; x_wconf 85' lang='lat' dir='ltr'>perpascitur</span> <span class='ocrx_word' id='word_1_134' title='bbox 1827 1811 1857 1849; x_wconf 93' lang='grc'>0</span> <span class='ocrx_word' id='word_1_135' title='bbox 1882 1805 1898 1865; x_wconf 85' lang='grc' dir='ltr'>ΙΙ</span> <span class='ocrx_word' id='word_1_136' title='bbox 1969 1831 1972 1835; x_wconf 41' lang='lat'><strong>⁴</strong></span> 
     </span>
    </p>
   </div>
   <div class='ocr_carea' id='block_1_11' title="bbox 201 1865 1896 2511">
    <p class='ocr_par' dir='ltr' id='par_1_12' title="bbox 201 1865 1896 2511">
     <span class='ocr_line' id='line_1_23' title="bbox 202 1865 1895 1922; baseline 0.001 -13"><span class='ocrx_word' id='word_1_137' title='bbox 202 1869 290 1909; x_wconf 87' lang='grc'>494</span> <span class='ocrx_word' id='word_1_138' title='bbox 320 1866 586 1922; x_wconf 82' lang='lat' dir='ltr'>Ingeminat</span> <span class='ocrx_word' id='word_1_139' title='bbox 616 1865 755 1909; x_wconf 80' lang='lat' dir='ltr'>Itali:</span> <span class='ocrx_word' id='word_1_140' title='bbox 801 1865 1098 1922; x_wconf 88' lang='lat' dir='ltr'>Ingeminant</span> <span class='ocrx_word' id='word_1_141' title='bbox 1129 1869 1159 1907; x_wconf 95' lang='grc'>0</span> <span class='ocrx_word' id='word_1_142' title='bbox 1195 1865 1210 1922; x_wconf 87' lang='grc' dir='ltr'>ΙΙ</span> <span class='ocrx_word' id='word_1_143' title='bbox 1243 1879 1321 1910; x_wconf 78' lang='lat' dir='ltr'>uu.</span> <span class='ocrx_word' id='word_1_144' title='bbox 1354 1865 1436 1922; x_wconf 76' lang='lat' dir='ltr'>qui</span> <span class='ocrx_word' id='word_1_145' title='bbox 1465 1871 1573 1911; x_wconf 79' lang='lat' dir='ltr'>sunt</span> <span class='ocrx_word' id='word_1_146' title='bbox 1602 1866 1655 1910; x_wconf 71' lang='lat' dir='ltr'>iri</span> <span class='ocrx_word' id='word_1_147' title='bbox 1686 1869 1717 1908; x_wconf 91' lang='lat'>0</span> <span class='ocrx_word' id='word_1_148' title='bbox 1751 1868 1895 1910; x_wconf 80' lang='lat'>505-—</span> 
     </span>
     <span class='ocr_line' id='line_1_24' title="bbox 204 1923 1895 1982; baseline -0.002 -13"><span class='ocrx_word' id='word_1_149' title='bbox 204 1928 290 1969; x_wconf 87' lang='lat'>508</span> <span class='ocrx_word' id='word_1_150' title='bbox 321 1929 430 1980; x_wconf 74' lang='lat' dir='ltr'>post</span> <span class='ocrx_word' id='word_1_151' title='bbox 459 1928 548 1969; x_wconf 86' lang='lat'>494</span> <span class='ocrx_word' id='word_1_152' title='bbox 579 1924 742 1968; x_wconf 78' lang='lat' dir='ltr'>traieci</span> <span class='ocrx_word' id='word_1_153' title='bbox 769 1924 785 1980; x_wconf 92' lang='grc' dir='ltr'>ΙΙ</span> <span class='ocrx_word' id='word_1_154' title='bbox 818 1928 902 1968; x_wconf 89' lang='grc'>505</span> <span class='ocrx_word' id='word_1_155' title='bbox 935 1924 1164 1981; x_wconf 87' lang='lat' dir='ltr'>plangens</span> <span class='ocrx_word' id='word_1_156' title='bbox 1196 1924 1398 1969; x_wconf 80' lang='lat' dir='ltr'>Iacobus</span> <span class='ocrx_word' id='word_1_157' title='bbox 1419 1925 1435 1982; x_wconf 84' lang='lat' dir='ltr'>ss</span> <span class='ocrx_word' id='word_1_158' title='bbox 1459 1928 1544 1970; x_wconf 83' lang='lat'>506</span> <span class='ocrx_word' id='word_1_159' title='bbox 1578 1923 1813 1969; x_wconf 83' lang='lat' dir='ltr'>Scintillas</span> <span class='ocrx_word' id='word_1_160' title='bbox 1847 1929 1895 1967; x_wconf 87' lang='lat' dir='ltr'>c:</span> 
     </span>
     <span class='ocr_line' id='line_1_25' title="bbox 206 1981 1896 2040; baseline 0 -12"><span class='ocrx_word' id='word_1_161' title='bbox 206 1982 422 2028; x_wconf 88' lang='lat' dir='ltr'>Scintilla</span> <span class='ocrx_word' id='word_1_162' title='bbox 452 1987 532 2032; x_wconf 83' lang='grc' dir='ltr'>Ης</span> <span class='ocrx_word' id='word_1_163' title='bbox 560 1985 567 2038; x_wconf 96' lang='grc' dir='ltr'>Ι</span> <span class='ocrx_word' id='word_1_164' title='bbox 595 1995 701 2027; x_wconf 89' lang='lat' dir='ltr'>ecce</span> <span class='ocrx_word' id='word_1_165' title='bbox 737 2008 792 2015; x_wconf 92' lang='lat'><em>-</em></span> <span class='ocrx_word' id='word_1_166' title='bbox 826 1996 933 2027; x_wconf 91' lang='lat' dir='ltr'>ecce</span> <span class='ocrx_word' id='word_1_167' title='bbox 965 1983 1323 2040; x_wconf 72' lang='lat' dir='ltr'>Scaliyerz·esse</span> <span class='ocrx_word' id='word_1_168' title='bbox 1354 2009 1413 2016; x_wconf 91' lang='lat'>--</span> <span class='ocrx_word' id='word_1_169' title='bbox 1445 1997 1543 2028; x_wconf 90' lang='lat' dir='ltr'>esse</span> <span class='ocrx_word' id='word_1_170' title='bbox 1570 1988 1600 2027; x_wconf 94' lang='grc'>0</span> <span class='ocrx_word' id='word_1_171' title='bbox 1629 1985 1636 2040; x_wconf 94' lang='grc' dir='ltr'>Ι</span> <span class='ocrx_word' id='word_1_172' title='bbox 1663 1983 1769 2028; x_wconf 91' lang='lat' dir='ltr'>uide</span> <span class='ocrx_word' id='word_1_173' title='bbox 1805 1981 1896 2028; x_wconf 78' lang='lat' dir='ltr'>Go-</span> 
     </span>
     <span class='ocr_line' id='line_1_26' title="bbox 201 2040 1895 2099; baseline 0.001 -14"><span class='ocrx_word' id='word_1_174' title='bbox 201 2042 368 2087; x_wconf 78' lang='lat' dir='ltr'>rallus:</span> <span class='ocrx_word' id='word_1_175' title='bbox 401 2041 492 2087; x_wconf 87' lang='lat' dir='ltr'>fide</span> <span class='ocrx_word' id='word_1_176' title='bbox 523 2045 602 2089; x_wconf 82' lang='grc' dir='ltr'>Ης</span> <span class='ocrx_word' id='word_1_177' title='bbox 633 2042 746 2086; x_wconf 88' lang='lat' dir='ltr'>fides</span> <span class='ocrx_word' id='word_1_178' title='bbox 780 2047 807 2084; x_wconf 86' lang='lat' dir='ltr'>c</span> <span class='ocrx_word' id='word_1_179' title='bbox 843 2040 968 2086; x_wconf 86' lang='lat' dir='ltr'>faces</span> <span class='ocrx_word' id='word_1_180' title='bbox 1000 2041 1370 2087; x_wconf 78' lang='lat' dir='ltr'>Iacobus&#39;uides</span> <span class='ocrx_word' id='word_1_181' title='bbox 1400 2042 1643 2099; x_wconf 78' lang='lat' dir='ltr'>Hauptius</span> <span class='ocrx_word' id='word_1_182' title='bbox 1677 2044 1684 2098; x_wconf 93' lang='grc' dir='ltr'>Ι</span> <span class='ocrx_word' id='word_1_183' title='bbox 1718 2042 1895 2087; x_wconf 85' lang='lat' dir='ltr'>ruentis</span> 
     </span>
     <span class='ocr_line' id='line_1_27' title="bbox 203 2100 1893 2157; baseline 0.001 -14"><span class='ocrx_word' id='word_1_184' title='bbox 203 2106 251 2143; x_wconf 87' lang='lat' dir='ltr'>c:</span> <span class='ocrx_word' id='word_1_185' title='bbox 284 2102 470 2145; x_wconf 88' lang='lat' dir='ltr'>ruentes</span> <span class='ocrx_word' id='word_1_186' title='bbox 503 2113 531 2148; x_wconf 84' lang='grc' dir='ltr'><strong><em>ς</em></strong></span> <span class='ocrx_word' id='word_1_187' title='bbox 563 2102 776 2145; x_wconf 88' lang='lat' dir='ltr'>ruentem</span> <span class='ocrx_word' id='word_1_188' title='bbox 807 2105 849 2143; x_wconf 83' lang='grc' dir='ltr'><strong>Η</strong></span> <span class='ocrx_word' id='word_1_189' title='bbox 871 2102 888 2157; x_wconf 90' lang='grc' dir='ltr'>ΙΙ</span> <span class='ocrx_word' id='word_1_190' title='bbox 912 2105 996 2146; x_wconf 85' lang='grc'>507</span> <span class='ocrx_word' id='word_1_191' title='bbox 1028 2100 1255 2146; x_wconf 88' lang='lat' dir='ltr'>Incolomi</span> <span class='ocrx_word' id='word_1_192' title='bbox 1281 2104 1323 2143; x_wconf 81' lang='grc' dir='ltr'><strong>Η</strong></span> <span class='ocrx_word' id='word_1_193' title='bbox 1350 2103 1357 2157; x_wconf 94' lang='grc' dir='ltr'>Ι</span> <span class='ocrx_word' id='word_1_194' title='bbox 1383 2101 1476 2146; x_wconf 85' lang='lat' dir='ltr'>fert</span> <span class='ocrx_word' id='word_1_195' title='bbox 1507 2101 1678 2157; x_wconf 89' lang='lat' dir='ltr'>(uehit)</span> <span class='ocrx_word' id='word_1_196' title='bbox 1706 2102 1893 2157; x_wconf 77' lang='lat' dir='ltr'>scripsi:</span> 
     </span>
     <span class='ocr_line' id='line_1_28' title="bbox 202 2159 1896 2217; baseline 0.001 -14"><span class='ocrx_word' id='word_1_197' title='bbox 202 2173 367 2204; x_wconf 86' lang='lat' dir='ltr'>uerum</span> <span class='ocrx_word' id='word_1_198' title='bbox 398 2163 429 2201; x_wconf 91' lang='grc'>0</span> <span class='ocrx_word' id='word_1_199' title='bbox 461 2159 667 2203; x_wconf 85' lang='lat' dir='ltr'>cinerum</span> <span class='ocrx_word' id='word_1_200' title='bbox 697 2159 941 2216; x_wconf 81' lang='lat' dir='ltr'>Hauptius</span> <span class='ocrx_word' id='word_1_201' title='bbox 974 2161 981 2212; x_wconf 99' lang='grc' dir='ltr'>Ι</span> <span class='ocrx_word' id='word_1_202' title='bbox 1015 2159 1179 2217; x_wconf 89' lang='lat' dir='ltr'>ingens</span> <span class='ocrx_word' id='word_1_203' title='bbox 1210 2161 1395 2216; x_wconf 78' lang='lat' dir='ltr'>scripsi:</span> <span class='ocrx_word' id='word_1_204' title='bbox 1426 2160 1559 2217; x_wconf 89' lang='lat' dir='ltr'>ignes</span> <span class='ocrx_word' id='word_1_205' title='bbox 1591 2164 1622 2202; x_wconf 94' lang='grc'>0</span> <span class='ocrx_word' id='word_1_206' title='bbox 1659 2162 1675 2217; x_wconf 90' lang='grc' dir='ltr'>ΙΙ</span> <span class='ocrx_word' id='word_1_207' title='bbox 1707 2164 1793 2205; x_wconf 86' lang='grc'>508</span> <span class='ocrx_word' id='word_1_208' title='bbox 1827 2159 1896 2204; x_wconf 85' lang='lat' dir='ltr'>Si-</span> 
     </span>
     <span class='ocr_line' id='line_1_29' title="bbox 202 2217 1895 2276; baseline 0.001 -14"><span class='ocrx_word' id='word_1_209' title='bbox 202 2218 352 2263; x_wconf 87' lang='lat' dir='ltr'>methi</span> <span class='ocrx_word' id='word_1_210' title='bbox 376 2223 423 2261; x_wconf 83' lang='lat' dir='ltr'>c:</span> <span class='ocrx_word' id='word_1_211' title='bbox 460 2217 509 2262; x_wconf 90' lang='lat' dir='ltr'>Si</span> <span class='ocrx_word' id='word_1_212' title='bbox 531 2217 608 2262; x_wconf 89' lang='lat' dir='ltr'>uel</span> <span class='ocrx_word' id='word_1_213' title='bbox 635 2218 839 2263; x_wconf 87' lang='lat' dir='ltr'>fumanti</span> <span class='ocrx_word' id='word_1_214' title='bbox 863 2219 910 2263; x_wconf 91' lang='lat' dir='ltr'>et</span> <span class='ocrx_word' id='word_1_215' title='bbox 938 2217 1009 2262; x_wconf 87' lang='lat' dir='ltr'>hii</span> <span class='ocrx_word' id='word_1_216' title='bbox 1030 2222 1073 2260; x_wconf 83' lang='lat'>11</span> <span class='ocrx_word' id='word_1_217' title='bbox 1104 2223 1145 2263; x_wconf 81' lang='lat' dir='ltr'>et</span> <span class='ocrx_word' id='word_1_218' title='bbox 1173 2219 1268 2274; x_wconf 80' lang='lat' dir='ltr'>fere</span> <span class='ocrx_word' id='word_1_219' title='bbox 1299 2231 1326 2266; x_wconf 87' lang='grc' dir='ltr'><strong><em>ς</em></strong></span> <span class='ocrx_word' id='word_1_220' title='bbox 1349 2220 1365 2276; x_wconf 89' lang='grc' dir='ltr'>ΙΙ</span> <span class='ocrx_word' id='word_1_221' title='bbox 1388 2223 1473 2263; x_wconf 86' lang='grc'>495</span> <span class='ocrx_word' id='word_1_222' title='bbox 1501 2232 1642 2263; x_wconf 90' lang='lat' dir='ltr'>curuo</span> <span class='ocrx_word' id='word_1_223' title='bbox 1677 2224 1724 2262; x_wconf 84' lang='lat' dir='ltr'>c:</span> <span class='ocrx_word' id='word_1_224' title='bbox 1757 2220 1895 2264; x_wconf 89' lang='lat' dir='ltr'>turuo</span> 
     </span>
     <span class='ocr_line' id='line_1_30' title="bbox 203 2276 1894 2334; baseline 0.002 -14"><span class='ocrx_word' id='word_1_225' title='bbox 203 2281 246 2320; x_wconf 81' lang='lat'>11</span> <span class='ocrx_word' id='word_1_226' title='bbox 276 2278 409 2321; x_wconf 87' lang='lat' dir='ltr'>toruo</span> <span class='ocrx_word' id='word_1_227' title='bbox 433 2276 640 2334; x_wconf 64' lang='lat' dir='ltr'>Scaliger</span> <span class='ocrx_word' id='word_1_228' title='bbox 681 2278 689 2334; x_wconf 89' lang='grc' dir='ltr'>Ι</span> <span class='ocrx_word' id='word_1_229' title='bbox 730 2290 919 2322; x_wconf 88' lang='lat' dir='ltr'>manere</span> <span class='ocrx_word' id='word_1_230' title='bbox 949 2281 992 2319; x_wconf 85' lang='lat'>11</span> <span class='ocrx_word' id='word_1_231' title='bbox 1027 2277 1033 2332; x_wconf 95' lang='grc' dir='ltr'>Ι</span> <span class='ocrx_word' id='word_1_232' title='bbox 1070 2277 1280 2322; x_wconf 88' lang='lat' dir='ltr'>cernulat</span> <span class='ocrx_word' id='word_1_233' title='bbox 1311 2279 1402 2333; x_wconf 75' lang='lat' dir='ltr'>(uel</span> <span class='ocrx_word' id='word_1_234' title='bbox 1433 2279 1640 2334; x_wconf 88' lang='lat' dir='ltr'>cernuat)</span> <span class='ocrx_word' id='word_1_235' title='bbox 1672 2278 1894 2323; x_wconf 80' lang='lat' dir='ltr'>Iacobus:</span> 
     </span>
     <span class='ocr_line' id='line_1_31' title="bbox 204 2335 1895 2394; baseline 0.001 -14"><span class='ocrx_word' id='word_1_236' title='bbox 204 2336 416 2380; x_wconf 86' lang='lat' dir='ltr'>cernulus</span> <span class='ocrx_word' id='word_1_237' title='bbox 450 2340 480 2378; x_wconf 93' lang='grc'>0</span> <span class='ocrx_word' id='word_1_238' title='bbox 522 2335 724 2381; x_wconf 85' lang='lat' dir='ltr'>cernitur</span> <span class='ocrx_word' id='word_1_239' title='bbox 755 2337 877 2381; x_wconf 81' lang='lat' dir='ltr'>Itali</span> <span class='ocrx_word' id='word_1_240' title='bbox 917 2336 1147 2381; x_wconf 89' lang='lat' dir='ltr'>cernimus</span> <span class='ocrx_word' id='word_1_241' title='bbox 1179 2336 1355 2381; x_wconf 70' lang='lat' dir='ltr'>Muriro</span> <span class='ocrx_word' id='word_1_242' title='bbox 1392 2338 1408 2394; x_wconf 92' lang='grc' dir='ltr'>ΙΙ</span> <span class='ocrx_word' id='word_1_243' title='bbox 1446 2341 1533 2382; x_wconf 87' lang='grc'>496</span> <span class='ocrx_word' id='word_1_244' title='bbox 1565 2337 1717 2381; x_wconf 85' lang='lat' dir='ltr'>tenuis</span> <span class='ocrx_word' id='word_1_245' title='bbox 1748 2337 1895 2382; x_wconf 85' lang='lat' dir='ltr'>undas</span> 
     </span>
     <span class='ocr_line' id='line_1_32' title="bbox 203 2394 1894 2452; baseline 0 -12"><span class='ocrx_word' id='word_1_246' title='bbox 203 2395 389 2452; x_wconf 76' lang='lat' dir='ltr'>scripsi:</span> <span class='ocrx_word' id='word_1_247' title='bbox 421 2394 576 2440; x_wconf 90' lang='lat' dir='ltr'>tenuis</span> <span class='ocrx_word' id='word_1_248' title='bbox 607 2395 725 2440; x_wconf 86' lang='lat' dir='ltr'>imas</span> <span class='ocrx_word' id='word_1_249' title='bbox 751 2400 779 2438; x_wconf 82' lang='lat' dir='ltr'><strong>c</strong></span> <span class='ocrx_word' id='word_1_250' title='bbox 810 2395 962 2440; x_wconf 89' lang='lat' dir='ltr'>tenuis</span> <span class='ocrx_word' id='word_1_251' title='bbox 988 2394 1128 2439; x_wconf 89' lang='lat' dir='ltr'>simas</span> <span class='ocrx_word' id='word_1_252' title='bbox 1160 2397 1392 2452; x_wconf 80' lang='lat' dir='ltr'>(coriiwnx.</span> <span class='ocrx_word' id='word_1_253' title='bbox 1421 2410 1478 2440; x_wconf 85' lang='lat' dir='ltr'>m.</span> <span class='ocrx_word' id='word_1_254' title='bbox 1503 2396 1554 2452; x_wconf 75' lang='lat'>2)</span> <span class='ocrx_word' id='word_1_255' title='bbox 1578 2400 1621 2438; x_wconf 86' lang='lat'>11</span> <span class='ocrx_word' id='word_1_256' title='bbox 1647 2396 1653 2452; x_wconf 91' lang='grc' dir='ltr'>Ι</span> <span class='ocrx_word' id='word_1_257' title='bbox 1681 2395 1894 2440; x_wconf 86' lang='lat' dir='ltr'>ulterius-</span> 
     </span>
     <span class='ocr_line' id='line_1_33' title="bbox 205 2454 1895 2511; baseline 0 -13"><span class='ocrx_word' id='word_1_258' title='bbox 205 2467 294 2510; x_wconf 88' lang='lat' dir='ltr'>que</span> <span class='ocrx_word' id='word_1_259' title='bbox 317 2454 502 2511; x_wconf 80' lang='lat' dir='ltr'>scripsi:</span> <span class='ocrx_word' id='word_1_260' title='bbox 535 2454 780 2499; x_wconf 83' lang='lat' dir='ltr'>ulteriores</span> <span class='ocrx_word' id='word_1_261' title='bbox 813 2460 881 2501; x_wconf 75' lang='grc' dir='ltr'>ῦς</span> <span class='ocrx_word' id='word_1_262' title='bbox 912 2454 1165 2499; x_wconf 85' lang='lat' dir='ltr'>ulteriones</span> <span class='ocrx_word' id='word_1_263' title='bbox 1190 2459 1231 2497; x_wconf 85' lang='grc' dir='ltr'><strong>Η</strong></span> <span class='ocrx_word' id='word_1_264' title='bbox 1253 2455 1408 2499; x_wconf 89' lang='lat' dir='ltr'>tenuis</span> <span class='ocrx_word' id='word_1_265' title='bbox 1432 2455 1620 2499; x_wconf 87' lang='lat' dir='ltr'>sinuans</span> <span class='ocrx_word' id='word_1_266' title='bbox 1644 2455 1747 2511; x_wconf 86' lang='lat' dir='ltr'>agit</span> <span class='ocrx_word' id='word_1_267' title='bbox 1769 2455 1895 2499; x_wconf 87' lang='lat' dir='ltr'>unda</span> 
     </span>
    </p>
   </div>
   <div class='ocr_carea' id='block_1_12' title="bbox 203 2512 1973 2570">
    <p class='ocr_par' dir='ltr' id='par_1_13' title="bbox 203 2512 1973 2570">
     <span class='ocr_line' id='line_1_34' title="bbox 203 2512 1973 2570; baseline 0 -14"><span class='ocrx_word' id='word_1_268' title='bbox 203 2513 381 2570; x_wconf 86' lang='lat' dir='ltr'>priores</span> <span class='ocrx_word' id='word_1_269' title='bbox 407 2514 607 2558; x_wconf 79' lang='lat' dir='ltr'>Iacobus</span> <span class='ocrx_word' id='word_1_270' title='bbox 629 2514 645 2570; x_wconf 92' lang='grc' dir='ltr'>ΙΙ</span> <span class='ocrx_word' id='word_1_271' title='bbox 667 2517 754 2557; x_wconf 90' lang='grc'>498</span> <span class='ocrx_word' id='word_1_272' title='bbox 779 2512 1053 2557; x_wconf 79' lang='lat' dir='ltr'>diffunditus</span> <span class='ocrx_word' id='word_1_273' title='bbox 1077 2517 1119 2555; x_wconf 89' lang='lat' dir='ltr'>H</span> <span class='ocrx_word' id='word_1_274' title='bbox 1146 2515 1152 2570; x_wconf 88' lang='grc' dir='ltr'>Ι</span> <span class='ocrx_word' id='word_1_275' title='bbox 1181 2527 1456 2559; x_wconf 88' lang='lat' dir='ltr'>succernens</span> <span class='ocrx_word' id='word_1_276' title='bbox 1481 2517 1769 2570; x_wconf 62' lang='lat' dir='ltr'>corruptum3</span> <span class='ocrx_word' id='word_1_277' title='bbox 1793 2527 1894 2557; x_wconf 88' lang='lat' dir='ltr'>suc·</span> <span class='ocrx_word' id='word_1_278' title='bbox 1962 2560 1973 2570; x_wconf 55' lang='grc'><strong><em>,</em></strong></span> 
     </span>
    </p>
   </div>
   <div class='ocr_carea' id='block_1_13' title="bbox 203 2571 1894 2982">
    <p class='ocr_par' dir='ltr' id='par_1_14' title="bbox 203 2571 1894 2982">
     <span class='ocr_line' id='line_1_35' title="bbox 206 2571 1894 2630; baseline 0.001 -16"><span class='ocrx_word' id='word_1_279' title='bbox 206 2572 418 2615; x_wconf 88' lang='lat' dir='ltr'>crescunt</span> <span class='ocrx_word' id='word_1_280' title='bbox 449 2572 667 2626; x_wconf 81' lang='lat' dir='ltr'>Iacobus3</span> <span class='ocrx_word' id='word_1_281' title='bbox 703 2587 767 2617; x_wconf 78' lang='lat' dir='ltr'>ari</span> <span class='ocrx_word' id='word_1_282' title='bbox 797 2586 1086 2617; x_wconf 84' lang='lat' dir='ltr'>succrescens</span> <span class='ocrx_word' id='word_1_283' title='bbox 1118 2571 1143 2615; x_wconf 77' lang='grc'>,9</span> <span class='ocrx_word' id='word_1_284' title='bbox 1168 2574 1182 2630; x_wconf 89' lang='grc' dir='ltr'>ΙΙ</span> <span class='ocrx_word' id='word_1_285' title='bbox 1205 2574 1338 2617; x_wconf 74' lang='lat' dir='ltr'>nulla</span> <span class='ocrx_word' id='word_1_286' title='bbox 1363 2574 1416 2617; x_wconf 73' lang='lat' dir='ltr'>iri</span> <span class='ocrx_word' id='word_1_287' title='bbox 1440 2577 1470 2615; x_wconf 93' lang='grc'>0</span> <span class='ocrx_word' id='word_1_288' title='bbox 1504 2574 1693 2617; x_wconf 75' lang='lat' dir='ltr'>lacuna:</span> <span class='ocrx_word' id='word_1_289' title='bbox 1725 2573 1894 2616; x_wconf 78' lang='lat' dir='ltr'>eoecidit</span> 
     </span>
     <span class='ocr_line' id='line_1_36' title="bbox 205 2630 1894 2688; baseline 0.001 -14"><span class='ocrx_word' id='word_1_290' title='bbox 205 2633 247 2674; x_wconf 80' lang='lat' dir='ltr'>et</span> <span class='ocrx_word' id='word_1_291' title='bbox 282 2630 391 2684; x_wconf 71' lang='lat' dir='ltr'>finis</span> <span class='ocrx_word' id='word_1_292' title='bbox 429 2631 784 2687; x_wconf 76' lang='lat' dir='ltr'>comparationis</span> <span class='ocrx_word' id='word_1_293' title='bbox 818 2632 994 2688; x_wconf 76' lang='lat' dir='ltr'>prioris</span> <span class='ocrx_word' id='word_1_294' title='bbox 1032 2635 1074 2675; x_wconf 79' lang='lat' dir='ltr'>et</span> <span class='ocrx_word' id='word_1_295' title='bbox 1111 2632 1300 2676; x_wconf 76' lang='lat' dir='ltr'>initium</span> <span class='ocrx_word' id='word_1_296' title='bbox 1335 2645 1483 2676; x_wconf 73' lang='lat' dir='ltr'>‘nouae</span> <span class='ocrx_word' id='word_1_297' title='bbox 1528 2632 1857 2687; x_wconf 76' lang='lat' dir='ltr'>disputationis</span> <span class='ocrx_word' id='word_1_298' title='bbox 1890 2630 1894 2685; x_wconf 88' lang='grc' dir='ltr'>Ι</span> 
     </span>
     <span class='ocr_line' id='line_1_37' title="bbox 205 2687 1893 2748; baseline 0 -16"><span class='ocrx_word' id='word_1_299' title='bbox 205 2692 292 2734; x_wconf 88' lang='grc'>499</span> <span class='ocrx_word' id='word_1_300' title='bbox 327 2688 497 2733; x_wconf 90' lang='lat' dir='ltr'>cedunt</span> <span class='ocrx_word' id='word_1_301' title='bbox 527 2690 789 2746; x_wconf 78' lang='lat' dir='ltr'>Hauptius:</span> <span class='ocrx_word' id='word_1_302' title='bbox 824 2691 993 2735; x_wconf 91' lang='lat' dir='ltr'>coeunt</span> <span class='ocrx_word' id='word_1_303' title='bbox 1024 2694 1055 2733; x_wconf 96' lang='grc'>0</span> <span class='ocrx_word' id='word_1_304' title='bbox 1083 2691 1090 2746; x_wconf 92' lang='grc' dir='ltr'>Ι</span> <span class='ocrx_word' id='word_1_305' title='bbox 1116 2690 1280 2734; x_wconf 88' lang='lat' dir='ltr'>massis</span> <span class='ocrx_word' id='word_1_306' title='bbox 1310 2691 1595 2735; x_wconf 80' lang='lat' dir='ltr'>Doruillius:</span> <span class='ocrx_word' id='word_1_307' title='bbox 1627 2689 1790 2733; x_wconf 87' lang='lat' dir='ltr'>messis</span> <span class='ocrx_word' id='word_1_308' title='bbox 1823 2693 1853 2732; x_wconf 93' lang='grc'>0</span> <span class='ocrx_word' id='word_1_309' title='bbox 1888 2687 1893 2748; x_wconf 92' lang='grc' dir='ltr'>Ι</span> 
     </span>
     <span class='ocr_line' id='line_1_38' title="bbox 206 2747 1891 2804; baseline 0.001 -13"><span class='ocrx_word' id='word_1_310' title='bbox 206 2751 291 2792; x_wconf 86' lang='grc'>501</span> <span class='ocrx_word' id='word_1_311' title='bbox 323 2747 516 2792; x_wconf 81' lang='lat' dir='ltr'>Exultat</span> <span class='ocrx_word' id='word_1_312' title='bbox 545 2748 809 2804; x_wconf 76' lang='lat' dir='ltr'>Hauptius:</span> <span class='ocrx_word' id='word_1_313' title='bbox 850 2748 1055 2793; x_wconf 86' lang='lat' dir='ltr'>Effumat</span> <span class='ocrx_word' id='word_1_314' title='bbox 1085 2754 1152 2796; x_wconf 74' lang='grc' dir='ltr'>ῦς</span> <span class='ocrx_word' id='word_1_315' title='bbox 1190 2748 1398 2794; x_wconf 87' lang='lat' dir='ltr'>Affumat</span> <span class='ocrx_word' id='word_1_316' title='bbox 1427 2753 1470 2791; x_wconf 83' lang='grc' dir='ltr'><strong>Η</strong></span> <span class='ocrx_word' id='word_1_317' title='bbox 1507 2747 1724 2804; x_wconf 88' lang='lat' dir='ltr'>Assurgit</span> <span class='ocrx_word' id='word_1_318' title='bbox 1755 2749 1891 2793; x_wconf 85' lang='lat' dir='ltr'>Iaco-</span> 
     </span>
     <span class='ocr_line' id='line_1_39' title="bbox 206 2805 1887 2865; baseline -0.001 -14"><span class='ocrx_word' id='word_1_319' title='bbox 206 2806 289 2851; x_wconf 82' lang='lat' dir='ltr'>bus</span> <span class='ocrx_word' id='word_1_320' title='bbox 323 2805 331 2865; x_wconf 89' lang='grc' dir='ltr'>Ι</span> <span class='ocrx_word' id='word_1_321' title='bbox 364 2806 529 2850; x_wconf 89' lang='lat' dir='ltr'>molles</span> <span class='ocrx_word' id='word_1_322' title='bbox 559 2810 601 2849; x_wconf 82' lang='lat'>11</span> <span class='ocrx_word' id='word_1_323' title='bbox 639 2808 654 2863; x_wconf 85' lang='grc' dir='ltr'>ΙΙ</span> <span class='ocrx_word' id='word_1_324' title='bbox 693 2811 776 2851; x_wconf 84' lang='grc'>503</span> <span class='ocrx_word' id='word_1_325' title='bbox 809 2806 969 2852; x_wconf 87' lang='lat' dir='ltr'>inflixa</span> <span class='ocrx_word' id='word_1_326' title='bbox 999 2809 1108 2864; x_wconf 83' lang='lat' dir='ltr'>(pro</span> <span class='ocrx_word' id='word_1_327' title='bbox 1139 2807 1333 2864; x_wconf 87' lang='lat' dir='ltr'>inflicta)</span> <span class='ocrx_word' id='word_1_328' title='bbox 1364 2807 1589 2863; x_wconf 75' lang='lat' dir='ltr'>Scaliyer:</span> <span class='ocrx_word' id='word_1_329' title='bbox 1624 2806 1791 2852; x_wconf 86' lang='lat' dir='ltr'>inflexa</span> <span class='ocrx_word' id='word_1_330' title='bbox 1822 2811 1852 2849; x_wconf 93' lang='grc'>0</span> <span class='ocrx_word' id='word_1_331' title='bbox 1883 2806 1887 2864; x_wconf 87' lang='grc' dir='ltr'>Ι</span> 
     </span>
     <span class='ocr_line' id='line_1_40' title="bbox 204 2865 1892 2923; baseline 0.001 -14"><span class='ocrx_word' id='word_1_332' title='bbox 204 2865 440 2921; x_wconf 87' lang='lat' dir='ltr'>pulsatam</span> <span class='ocrx_word' id='word_1_333' title='bbox 469 2865 655 2922; x_wconf 74' lang='lat' dir='ltr'>scripsi:</span> <span class='ocrx_word' id='word_1_334' title='bbox 687 2866 897 2923; x_wconf 88' lang='lat' dir='ltr'>pulsatos</span> <span class='ocrx_word' id='word_1_335' title='bbox 926 2871 956 2909; x_wconf 94' lang='grc'>0</span> <span class='ocrx_word' id='word_1_336' title='bbox 989 2867 1229 2923; x_wconf 85' lang='lat' dir='ltr'>pulsantes</span> <span class='ocrx_word' id='word_1_337' title='bbox 1262 2867 1382 2912; x_wconf 76' lang='lat' dir='ltr'>Itali</span> <span class='ocrx_word' id='word_1_338' title='bbox 1411 2865 1642 2923; x_wconf 85' lang='lat' dir='ltr'>pulsantis</span> <span class='ocrx_word' id='word_1_339' title='bbox 1675 2865 1892 2910; x_wconf 78' lang='lat' dir='ltr'>Gorallus</span> 
     </span>
     <span class='ocr_line' id='line_1_41' title="bbox 203 2923 1036 2982; baseline 0 -14"><span class='ocrx_word' id='word_1_340' title='bbox 203 2923 468 2980; x_wconf 83' lang='lat' dir='ltr'>pulsant-em</span> <span class='ocrx_word' id='word_1_341' title='bbox 501 2925 701 2971; x_wconf 77' lang='lat' dir='ltr'>Iacobus</span> <span class='ocrx_word' id='word_1_342' title='bbox 728 2927 733 2982; x_wconf 92' lang='grc' dir='ltr'>Ι</span> <span class='ocrx_word' id='word_1_343' title='bbox 763 2925 963 2982; x_wconf 83' lang='lat' dir='ltr'>discipat</span> <span class='ocrx_word' id='word_1_344' title='bbox 994 2930 1036 2968; x_wconf 83' lang='grc' dir='ltr'><strong>Η</strong></span> 
     </span>
    </p>
   </div>
  </div>
 </body>
</html>
