1992 3238
763 194 865 239 VII.
905 195 1372 241 EPIGRAMMATA.
1718 197 1746 247 1
1755 196 1783 248 7
1792 195 1822 248 7

132 332 321 401 Adsis,
362 336 393 384 o
427 329 715 400 Cytherea:
754 331 878 382 tuus
918 332 971 381 te
1012 328 1210 382 Caesar
1248 329 1482 399 Olympo

205 405 281 458 Et
322 403 628 458 Surrentini
666 402 844 457 litoris
884 420 979 455 ora
1017 407 1191 456 uocat.

133 624 276 678 Vate
318 623 602 694 Syracosio
643 623 733 692 qui
765 623 971 676 dulcior
1007 622 1351 691 Hesiodoque

206 697 407 766 Maior,
446 696 714 750 Homereo
753 714 864 749 non
902 696 1082 750 minor
1119 714 1210 749 ore
1249 695 1373 765 fuit,

131 771 282 824 Illius
322 770 456 823 haec
498 788 706 839 quoque
747 772 872 823 sunt
910 769 1079 822 diuini
1117 770 1381 822 elementa
1418 773 1610 838 poetae

206 843 282 896 Et
319 844 466 897 rudis
505 844 563 896 in
601 843 753 897 uario
794 844 1028 897 carmine
1069 841 1325 912 Calliope.

253 1008 306 1046 11
339 1002 469 1047 Aesis
500 1006 533 1045 B
577 1005 582 1056 ξ
626 1002 832 1046 citherea
861 1005 946 1044 ΒΗ
986 1000 1194 1046 citharea
1224 1005 1262 1044 A
1296 1004 1303 1058 Ι
1340 1002 1549 1059 olimpho
1580 1006 1613 1045 B
1647 1003 1820 1060 olimpo

131 1065 274 1104 Anu
318 1062 334 1117 ss
382 1066 435 1105 12
466 1060 640 1105 littoris
673 1064 703 1102 0
755 1062 761 1117 Ι
810 1074 891 1105 ora
922 1065 1025 1104 AR:
1075 1073 1156 1105 ara
1186 1064 1345 1117 ΒΗΚ,
1376 1076 1488 1106 num
1517 1066 1652 1117 reete,
1687 1067 1740 1106 ut
1768 1063 1822 1107 in

131 1120 407 1164 Surrentino
439 1120 569 1164 litore
598 1123 737 1176 poeta
767 1123 976 1165 uersatus
1006 1134 1138 1165 aram
1167 1133 1434 1177 sacrumque
1470 1120 1635 1166 Veneri
1671 1121 1820 1176 faetu-

129 1192 234 1223 rum
262 1191 309 1222 se
339 1191 430 1223 esse
459 1177 663 1222 innuat?

253 1236 480 1294 Quattuor
517 1250 679 1282 uersus
710 1251 740 1282 a
771 1238 910 1282 totius
948 1237 1222 1282 collectionis
1257 1239 1490 1283 redae-tore
1526 1239 1580 1282 in
1617 1238 1708 1294 fine
1739 1239 1818 1284 ad-

128 1296 235 1340 iecti
264 1296 340 1351 (ef.
376 1296 534 1350 Praef.
558 1310 608 1352 p.
642 1297 716 1350 38)
754 1297 991 1340 cohaerent
1021 1298 1219 1341 carmini
1246 1298 1403 1354 priori
1432 1298 1486 1342 in
1517 1301 1548 1340 0
1579 1299 1596 1354 ss
1625 1302 1647 1341 l
1684 1297 1818 1354 Syra-

130 1355 256 1399 cosio
288 1366 337 1401 ςε
369 1354 462 1398 sira.
492 1355 642 1399 soocio
669 1358 703 1397 B
736 1355 956 1400 siracusio
987 1359 1010 1397 1
1041 1357 1146 1412 (syr.
1178 1360 1240 1413 Π)
1267 1360 1274 1413 1
1302 1356 1416 1412 quid
1439 1359 1478 1399 A
1499 1358 1516 1413 ΙΙ
1540 1361 1565 1400 2
1599 1357 1818 1401 homereo

1751 1425 1771 1449 Θ

128 1460 230 1500 BA:
261 1457 452 1502 homero
483 1460 625 1500 lum
665 1458 673 1514 Ι
713 1457 818 1502 fluit
846 1458 1114 1503 Burmanni
1137 1459 1274 1503 editio
1304 1459 1320 1515 ΙΙ
1352 1463 1377 1502 3
1411 1458 1504 1504 sint
1534 1463 1629 1502 ΗΠ
1663 1460 1669 1515 Ι
1704 1461 1819 1516 pota

130 1519 164 1557 B
194 1516 211 1572 ΙΙ
234 1519 263 1558 4
300 1516 362 1559 Et
390 1515 518 1560 rudis
549 1520 601 1560 0:
644 1516 706 1561 Et
736 1516 864 1561 rudit
895 1530 923 1565 ς
968 1516 1112 1560 Ludit
1142 1519 1190 1562 et
1218 1517 1523 1562 Burmannus
1568 1519 1631 1563 Et
1660 1519 1820 1575 stupet

132 1573 484 1631 Oudendorpius
527 1574 694 1619 Erudit
731 1589 790 1619 en
818 1575 874 1619 L.
910 1576 1163 1620 Muellerus
1207 1576 1308 1620 Neo
1344 1576 1472 1621 rudis
1516 1577 1599 1622 Th.
1631 1576 1815 1622 Birtius

128 1645 242 1677 mus.
274 1632 418 1677 Rhen.
452 1633 626 1677 XXXII
649 1647 700 1689 p.
732 1638 819 1678 417
855 1636 862 1690 Ι
897 1633 1078 1692 caliope
1109 1638 1204 1676 ΗΠ
1233 1636 1249 1692 ΙΙ
1280 1634 1567 1692 Subscriptio
1605 1637 1735 1681 nulla
1766 1632 1846 1680 inx

130 1691 279 1748 codd„
312 1692 393 1748 qui
423 1692 564 1736 uaria
593 1693 893 1754 subiunyunt

218 2984 336 3021 Pon.
359 2995 452 3021 mir.
476 2996 563 3022 nm.
595 2997 637 3019 11.
1491 2991 1543 3030 12
