1992 3238
180 183 285 236 102
573 180 692 224 XVI.
733 178 1042 224 APPENDIX
1073 179 1462 223 VERGILIANA.

175 316 379 369 Verum
418 333 552 383 opus
592 313 848 366 auxilium
887 316 970 366 est
1007 316 1068 366 ut
1106 314 1275 382 pellat
1313 330 1559 381 corpora:
1607 313 1786 365 nullus
1863 375 1865 377 Ι

174 389 414 458 Impetus
454 392 537 440 est
573 387 705 455 ipsi,
745 404 850 455 qua
890 387 1109 456 spiritus
1149 387 1380 455 imperat
1418 386 1598 438 audet:

175 462 279 515 Hic
317 461 567 530 princeps
607 478 837 530 magnus
846 502 861 529 ‚
901 479 1007 530 quo
1047 461 1147 513 sub
1187 461 1318 512 duce
1358 459 1556 511 militat
1591 460 1748 529 ignis.

248 533 406 587 Nunc
439 535 692 604 quoniam
723 535 782 586 in
811 537 1066 603 promptu
1097 537 1181 586 est
1213 533 1389 603 operis
1413 535 1608 585 natura
1640 533 1860 603 solique,
1885 531 1890 535 ’

174 607 331 661 Vnde
370 609 477 677 ipsi
514 608 686 676 uenti,
724 625 859 678 quae
897 625 981 660 res
1021 607 1269 660 incendia
1306 606 1505 676 pascit,
1774 621 1860 661 220

174 681 284 735 Cur
324 682 503 735 subito
544 682 884 749 cohibentur,
922 681 1067 733 iners
1108 698 1243 750 quae
1282 699 1444 734 causa
1483 681 1686 748 silenti,

175 753 494 824 Subsequar.
555 756 829 807 inmensus
867 754 1024 806 labor
1062 758 1166 822 est,
1206 754 1299 806 sed
1335 754 1533 806 fertilis
1572 755 1734 806 idem:

172 827 355 899 Digna
393 829 652 882 laboratis
692 827 1018 896 respondent
1055 828 1294 895 praemia
1334 827 1490 881 curis.

173 901 301 955 Non
340 903 509 956 oculis
550 902 724 955 solum
762 901 1027 969 pecudum
1065 901 1313 953 miranda
1349 901 1491 953 tueri

173 975 324 1029 More
355 993 453 1028 nec
485 976 681 1028 effusos
712 976 768 1027 in
799 975 1023 1026 humum
1055 991 1220 1043 graue
1252 992 1471 1043 pascere
1503 993 1696 1044 corpus
1706 1017 1720 1044 ,
1774 988 1859 1028 225

171 1048 347 1102 Nosse
386 1049 547 1101 fidem
585 1066 764 1100 rerum
803 1048 1100 1117 dubiasque
1140 1048 1415 1116 exquirere
1455 1065 1667 1116 causae,

171 1122 458 1191 Ingenium
497 1139 707 1174 sacrare
747 1123 1012 1190 caputque
1053 1121 1300 1174 attollere
1340 1122 1512 1190 03310,

174 1194 321 1248 Scire
360 1198 491 1264 quot
529 1197 583 1247 et
621 1212 756 1263 quae
796 1195 907 1246 sint
945 1211 1143 1263 magno
1182 1194 1385 1247 natalia
1423 1195 1622 1248 mundo

171 1268 464 1338 Principia·
505 1286 725 1321 occasus
765 1270 1027 1320 metuunt
1053 1286 1124 1320 an
1163 1267 1376 1321 saecula
1414 1272 1645 1337 pergunt

171 1341 246 1394 Et
282 1342 440 1394 firma
478 1344 697 1395 aeterno
736 1342 971 1411 religata
1009 1345 1092 1394 est
1130 1341 1381 1394 machina
1418 1341 1619 1411 uinclo;
1772 1339 1859 1394 230

174 1414 312 1468 Solis
354 1416 487 1468 scire
526 1416 746 1469 modum
785 1417 840 1467 et
878 1417 1078 1484 quanto
1118 1415 1294 1467 minor
1333 1415 1509 1467 orbita
1548 1415 1709 1467 1111133
1750 1419 1859 1468 est:

292 1667 379 1707 216
413 1676 607 1720 corpora
639 1666 696 1704 G·
732 1674 923 1718 corpore
956 1662 1088 1705 ceteri
1110 1662 1125 1717 ΙΙ
1149 1666 1234 1705 217
1266 1661 1338 1705 1111
1361 1665 1403 1703 Η
1431 1663 1436 1716 Ι
1465 1663 1607 1706 audet
1638 1666 1694 1704 G·
1729 1662 1863 1706 audit

171 1723 305 1767 ceteri
348 1723 366 1778 ΙΙ
411 1726 496 1765 218
533 1721 621 1765 Hic
653 1720 936 1765 Schraderus
965 1720 1312 1776 Hauptiusque:
1350 1719 1472 1764 Hinc
1504 1725 1577 1763 GG
1615 1721 1823 1765 Nuncn

170 1794 369 1838 magnus
401 1794 493 1837 quo
518 1781 603 1824 sub
634 1780 750 1823 duce
773 1780 960 1835 scripsi:
992 1792 1281 1835 magnusque
1314 1779 1396 1835 qui
1427 1779 1512 1823 sub
1544 1780 1661 1824 duce
1684 1784 1720 1822 G
1749 1780 1863 1836 (nisi

169 1841 223 1884 in
268 1852 358 1895 que
405 1839 652 1883 conlatoris
697 1851 824 1882 error
870 1838 947 1892 est)
1005 1851 1290 1894 magnosque
1343 1838 1428 1881 sub
1481 1839 1571 1882 hoc
1617 1838 1735 1883 duce
1782 1842 1862 1881 GH

170 1911 436 1956 magnoque
469 1898 581 1940 311.
616 1897 658 1940 d.
693 1898 873 1940 Mu‘nro
902 1898 918 1953 ΙΙ
950 1900 1035 1939 219
1072 1898 1341 1952 promptum
1370 1900 1412 1938 11
1439 1898 1445 1950 Ι
1474 1896 1602 1953 operi
1631 1901 1673 1939 Η
1703 1911 1760 1941 m.
1793 1901 1820 1940 1
1845 1896 1860 1955 ΙΙ

171 1962 258 2002 220
288 1957 422 2001 Vnde
455 1961 509 1998 G.
551 1956 657 2000 Vna
687 1959 766 1998 011
814 1957 821 2011 Ι
870 1957 1035 2012 pascat
1066 1956 1298 1999 Matthiae
1341 1957 1358 2012 ΙΙ
1403 1960 1487 1998 221
1522 1956 1614 2000 Cur
1643 1959 1702 1999 G.
1747 1954 1863 1999 Cum

171 2016 305 2061 ceteri
331 2018 337 2072 Ι
366 2015 643 2060 cohibentur
668 2015 919 2059 Matthiae.
946 2013 1166 2058 cohibent
1190 2019 1225 2055 G
1249 2014 1493 2058 cohibetur
1516 2017 1595 2056 (ΞΗ
1622 2016 1630 2070 Ι
1655 2014 1780 2058 iners
1804 2018 1858 2056 G:

170 2075 295 2119 inest
325 2078 405 2116 GH
445 2073 666 2119 cohibent
694 2073 817 2117 uires
847 2073 1072 2116 Heinsius
1116 2074 1131 2128 ΙΙ
1176 2077 1262 2117 222
1298 2074 1404 2117 inde
1434 2068 1492 2116 ab
1522 2072 1760 2117 inmensus
1791 2074 1862 2116 in-

171 2134 354 2190 cipiunt
386 2133 613 2177 Parisina
643 2136 854 2188 excerpta
886 2132 955 2187 (in
985 2144 1175 2187 quorum
1205 2132 1347 2175 uaria
1378 2132 1562 2175 lectione
1592 2132 1861 2176 adnotanda

169 2193 396 2237 minutias
432 2192 680 2236 nonnullas
717 2191 939 2246 omittam)
981 2203 1081 2233 cum
1126 2191 1208 2233 hoc
1245 2190 1401 2234 titulo:
1448 2191 1502 2233 In
1548 2190 1692 2234 ethna
1736 2189 1861 2245 quod

170 2251 424 2295 iocundum
454 2249 515 2294 sit
546 2249 683 2305 scire,
720 2263 816 2293 non
855 2247 1103 2304 cupiditati
1141 2261 1331 2304 operam
1373 2249 1482 2292 dare
1529 2250 1544 2303 ΙΙ
1590 2253 1675 2292 223
1707 2249 1863 2305 Digna

173 2314 252 2353 011
286 2310 423 2356 Par.:
454 2308 596 2366 Pigra
628 2313 663 2351 G
705 2309 711 2363 Ι
753 2307 978 2352 laboratis
1011 2311 1064 2349 G.
1104 2307 1362 2351 laborantis
1395 2311 1474 2349 (ΣΗ
1509 2307 1621 2352 Par.
1661 2307 1676 2363 ΙΙ
1715 2312 1860 2351 224-

172 2374 260 2414 227
291 2382 374 2413 om.
409 2368 522 2412 Par.
555 2369 626 2412 ita
656 2372 708 2411 ut
737 2381 817 2411 uu.
850 2371 957 2420 224,
991 2370 1048 2409 25
1079 2370 1188 2421 post
1218 2371 1302 2410 251
1337 2370 1487 2411 extent
1523 2367 1539 2422 ΙΙ
1577 2371 1665 2409 224
1696 2379 1861 2422 peccu-

172 2429 285 2472 dum
316 2432 344 2469 0
387 2428 395 2482 Ι
435 2426 558 2471 tueri
588 2430 642 2469 G:
674 2425 804 2470 fuere
836 2429 914 2467 GH
945 2424 1105 2468 uidere
1137 2425 1246 2470 Par.
1293 2426 1309 2481 ΙΙ
1355 2430 1442 2469 225
1474 2424 1640 2469 effusos
1682 2424 1861 2469 Werns-

171 2488 368 2541 dorfius.
400 2485 558 2529 effusis
591 2490 621 2528 0
658 2485 772 2529 Par.
801 2485 838 2540 (·
844 2499 920 2537 sus
944 2486 989 2537 n)
1013 2484 1029 2539 ΙΙ
1053 2488 1139 2527 226
1170 2484 1324 2528 Nosce
1348 2488 1390 2526 Η
1416 2483 1423 2540 Ι
1450 2497 1604 2528 rerum
1636 2487 1690 2525 G:
1725 2483 1862 2527 rebus

173 2549 261 2588 (ΞΗ
312 2546 328 2601 ΙΙ
380 2549 466 2588 227
514 2543 758 2600 Ingenium
811 2556 995 2587 sacrare
1043 2546 1097 2584 G.
1155 2542 1296 2587 Sacra
1353 2542 1675 2599 peringentem
1730 2546 1816 2584 GH
1847 2541 1862 2599 ΙΙ

174 2606 407 2660 caputque
439 2607 493 2644 G:
527 2602 764 2659 capitique
796 2605 875 2644 GH
925 2605 930 2657 Ι
980 2601 1208 2645 adtollere
1238 2605 1280 2643 Η
1330 2603 1337 2657 Ι
1386 2602 1517 2646 00310
1548 2605 1603 2643 G.
1646 2600 1863 2657 c(a)elum

173 2666 253 2706 (ΞΗ
274 2663 291 2719 ΙΙ
315 2666 399 2706 228
434 2661 549 2717 quot
580 2666 614 2703 G
649 2661 762 2706 Par.
798 2662 867 2717 (in
897 2676 923 2714 p
955 2674 1011 2704 cx
1040 2660 1165 2716 quod
1198 2662 1353 2715 corr.)·
1389 2660 1513 2715 quod
1544 2663 1623 2702 GH
1650 2659 1656 2716 Ι
1682 2659 1864 2703 natalia

174 2727 203 2764 c
228 2722 365 2766 Para
397 2719 563 2763 fatalia
587 2724 623 2762 G
651 2721 770 2764 talia
792 2723 834 2762 Η
857 2720 872 2776 ΙΙ
896 2724 1003 2775 229,
1037 2724 1093 2763 30
1122 2733 1210 2774 pro
1240 2720 1392 2764 uerbis
1422 2732 1613 2763 occasus
1631 2743 1689 2750 -—
1705 2717 1861 2761 uinclo

176 2780 290 2825 Par.
315 2779 501 2824 habent:
535 2780 582 2821 et
606 2780 706 2833 (om.
731 2781 776 2834 n)
809 2792 965 2822 rerum
989 2777 1152 2822 dubias
1176 2778 1417 2835 exquirere
1449 2790 1609 2821 causas
1635 2779 1699 2832 (u.
1720 2777 1824 2831 226)
1847 2775 1864 2832 ΙΙ

173 2844 259 2883 229
285 2853 346 2883 311
373 2836 610 2882 Gorallus:
645 2837 705 2880 ad
729 2841 758 2879 0
783 2839 799 2893 ΙΙ
822 2842 908 2882 230
939 2836 1095 2881 11111010
1121 2841 1213 2880 OG:
1247 2837 1420 2881 mundo
1443 2839 1485 2878 Η
1507 2837 1522 2891 ΙΙ
1546 2840 1629 2879 231
1663 2834 1802 2879 lunae
1827 2839 1862 2877 G

171 2899 282 2942 lune
316 2898 429 2942 Par.
463 2898 521 2953 (11
551 2909 608 2940 m.
641 2895 857 2951 2)·111113
890 2899 968 2937 (ΣΗ
