<?xml version="1.0" encoding="UTF-8"?>
<!DOCTYPE html PUBLIC "-//W3C//DTD XHTML 1.0 Transitional//EN"
    "http://www.w3.org/TR/xhtml1/DTD/xhtml1-transitional.dtd">
<html xmlns="http://www.w3.org/1999/xhtml" xml:lang="en" lang="en">
 <head>
  <title>
</title>
<meta http-equiv="Content-Type" content="text/html;charset=utf-8" />
  <meta name='ocr-system' content='tesseract 3.04.00' />
  <meta name='ocr-capabilities' content='ocr_page ocr_carea ocr_par ocr_line ocrx_word'/>
</head>
<body>
  <div class='ocr_page' id='page_1' title='image "./poetaelatinimino02baehuoft_0104.png"; bbox 0 0 1992 3238; ppageno 0'>
   <div class='ocr_carea' id='block_1_1' title="bbox 188 192 1470 247">
    <p class='ocr_par' dir='ltr' id='par_1_1' title="bbox 188 192 1470 247">
     <span class='ocr_line' id='line_1_1' title="bbox 188 192 1470 247; baseline -0.007 0"><span class='ocrx_word' id='word_1_1' title='bbox 188 194 293 247; x_wconf 89' lang='grc'>100</span> <span class='ocrx_word' id='word_1_2' title='bbox 577 194 698 238; x_wconf 91' lang='lat' dir='ltr'>XVI.</span> <span class='ocrx_word' id='word_1_3' title='bbox 739 192 1047 237; x_wconf 87' lang='lat' dir='ltr'>APPENDIX</span> <span class='ocrx_word' id='word_1_4' title='bbox 1081 193 1470 239; x_wconf 83' lang='lat' dir='ltr'>VERGILIANA.</span> 
     </span>
    </p>
   </div>
   <div class='ocr_carea' id='block_1_2' title="bbox 177 327 1867 1425">
    <p class='ocr_par' dir='ltr' id='par_1_2' title="bbox 180 327 1865 544">
     <span class='ocr_line' id='line_1_2' title="bbox 180 327 1865 398; baseline 0.001 -17"><span class='ocrx_word' id='word_1_5' title='bbox 180 329 311 381; x_wconf 90' lang='lat' dir='ltr'>Pars</span> <span class='ocrx_word' id='word_1_6' title='bbox 351 328 468 398; x_wconf 84' lang='lat' dir='ltr'>igni</span> <span class='ocrx_word' id='word_1_7' title='bbox 508 327 766 396; x_wconf 83' lang='lat' dir='ltr'>domitae,</span> <span class='ocrx_word' id='word_1_8' title='bbox 804 346 930 397; x_wconf 85' lang='lat' dir='ltr'>pars</span> <span class='ocrx_word' id='word_1_9' title='bbox 970 328 1124 398; x_wconf 83' lang='lat' dir='ltr'>ignes</span> <span class='ocrx_word' id='word_1_10' title='bbox 1163 328 1303 380; x_wconf 85' lang='lat' dir='ltr'>ferre</span> <span class='ocrx_word' id='word_1_11' title='bbox 1342 331 1570 381; x_wconf 89' lang='lat' dir='ltr'>coactae.</span> <span class='ocrx_word' id='word_1_12' title='bbox 1780 342 1865 383; x_wconf 76' lang='lat'>185</span> 
     </span>
     <span class='ocr_line' id='line_1_3' title="bbox 180 400 1652 471; baseline 0 -17"><span class='ocrx_word' id='word_1_13' title='bbox 180 402 330 454; x_wconf 89' lang='lat' dir='ltr'>Haec</span> <span class='ocrx_word' id='word_1_14' title='bbox 369 401 545 469; x_wconf 92' lang='lat' dir='ltr'>operis</span> <span class='ocrx_word' id='word_1_15' title='bbox 585 400 812 454; x_wconf 90' lang='lat' dir='ltr'>uisenda</span> <span class='ocrx_word' id='word_1_16' title='bbox 846 402 989 454; x_wconf 87' lang='lat' dir='ltr'>sacri</span> <span class='ocrx_word' id='word_1_17' title='bbox 1026 401 1296 471; x_wconf 80' lang='lat' dir='ltr'>faciesque</span> <span class='ocrx_word' id='word_1_18' title='bbox 1336 402 1652 470; x_wconf 83' lang='lat' dir='ltr'>domusque,</span> 
     </span>
     <span class='ocr_line' id='line_1_4' title="bbox 181 474 1576 544; baseline 0.001 -18"><span class='ocrx_word' id='word_1_19' title='bbox 181 474 331 527; x_wconf 90' lang='lat' dir='ltr'>Haec</span> <span class='ocrx_word' id='word_1_20' title='bbox 368 474 453 526; x_wconf 92' lang='lat' dir='ltr'>illi</span> <span class='ocrx_word' id='word_1_21' title='bbox 493 474 644 526; x_wconf 90' lang='lat' dir='ltr'>sedes</span> <span class='ocrx_word' id='word_1_22' title='bbox 683 477 1064 544; x_wconf 90' lang='lat' dir='ltr'>tantarumque</span> <span class='ocrx_word' id='word_1_23' title='bbox 1105 493 1229 527; x_wconf 90' lang='lat' dir='ltr'>area</span> <span class='ocrx_word' id='word_1_24' title='bbox 1266 488 1442 527; x_wconf 89' lang='lat' dir='ltr'>rerum</span> <span class='ocrx_word' id='word_1_25' title='bbox 1482 479 1576 528; x_wconf 88' lang='lat' dir='ltr'>est.</span> 
     </span>
    </p>

    <p class='ocr_par' dir='ltr' id='par_1_3' title="bbox 177 547 1867 1425">
     <span class='ocr_line' id='line_1_5' title="bbox 253 547 1788 617; baseline 0.001 -17"><span class='ocrx_word' id='word_1_26' title='bbox 253 547 412 600; x_wconf 91' lang='lat' dir='ltr'>Nunc</span> <span class='ocrx_word' id='word_1_27' title='bbox 451 565 584 616; x_wconf 91' lang='lat' dir='ltr'>opus</span> <span class='ocrx_word' id='word_1_28' title='bbox 626 548 889 601; x_wconf 90' lang='lat' dir='ltr'>artificem</span> <span class='ocrx_word' id='word_1_29' title='bbox 927 548 1142 600; x_wconf 91' lang='lat' dir='ltr'>incendi</span> <span class='ocrx_word' id='word_1_30' title='bbox 1180 559 1502 617; x_wconf 83' lang='lat' dir='ltr'>causamque</span> <span class='ocrx_word' id='word_1_31' title='bbox 1537 549 1788 617; x_wconf 88' lang='lat' dir='ltr'>reposcit.</span> 
     </span>
     <span class='ocr_line' id='line_1_6' title="bbox 178 619 1644 692; baseline 0.001 -19"><span class='ocrx_word' id='word_1_32' title='bbox 178 619 307 674; x_wconf 92' lang='lat' dir='ltr'>Non</span> <span class='ocrx_word' id='word_1_33' title='bbox 344 621 440 673; x_wconf 90' lang='lat' dir='ltr'>illa</span> <span class='ocrx_word' id='word_1_34' title='bbox 477 621 537 673; x_wconf 92' lang='lat' dir='ltr'>in</span> <span class='ocrx_word' id='word_1_35' title='bbox 573 639 743 690; x_wconf 89' lang='lat' dir='ltr'>paruo</span> <span class='ocrx_word' id='word_1_36' title='bbox 784 625 877 674; x_wconf 91' lang='lat' dir='ltr'>aut</span> <span class='ocrx_word' id='word_1_37' title='bbox 913 621 1066 674; x_wconf 71' lang='lat' dir='ltr'>te‘hui</span> <span class='ocrx_word' id='word_1_38' title='bbox 1105 621 1432 674; x_wconf 81' lang='lat' dir='ltr'>discrimine:</span> <span class='ocrx_word' id='word_1_39' title='bbox 1471 623 1644 692; x_wconf 83' lang='lat' dir='ltr'>signis</span> 
     </span>
     <span class='ocr_line' id='line_1_7' title="bbox 178 693 1866 764; baseline 0.001 -18"><span class='ocrx_word' id='word_1_40' title='bbox 178 693 331 746; x_wconf 90' lang='lat' dir='ltr'>Mille</span> <span class='ocrx_word' id='word_1_41' title='bbox 373 694 472 746; x_wconf 92' lang='lat' dir='ltr'>sub</span> <span class='ocrx_word' id='word_1_42' title='bbox 513 696 765 763; x_wconf 85' lang='lat' dir='ltr'>exiguum</span> <span class='ocrx_word' id='word_1_43' title='bbox 803 695 1020 747; x_wconf 90' lang='lat' dir='ltr'>uenient</span> <span class='ocrx_word' id='word_1_44' title='bbox 1057 694 1160 747; x_wconf 88' lang='lat' dir='ltr'>tibi</span> <span class='ocrx_word' id='word_1_45' title='bbox 1197 695 1427 764; x_wconf 89' lang='lat' dir='ltr'>pignora</span> <span class='ocrx_word' id='word_1_46' title='bbox 1464 699 1695 764; x_wconf 90' lang='lat' dir='ltr'>tempus.</span> <span class='ocrx_word' id='word_1_47' title='bbox 1782 708 1866 748; x_wconf 86' lang='grc'>190</span> 
     </span>
     <span class='ocr_line' id='line_1_8' title="bbox 179 767 1586 838; baseline 0.001 -18"><span class='ocrx_word' id='word_1_48' title='bbox 179 768 287 820; x_wconf 85' lang='lat' dir='ltr'>Res</span> <span class='ocrx_word' id='word_1_49' title='bbox 328 767 511 821; x_wconf 91' lang='lat' dir='ltr'>oculos</span> <span class='ocrx_word' id='word_1_50' title='bbox 551 769 768 837; x_wconf 79' lang='lat' dir='ltr'>ducent,</span> <span class='ocrx_word' id='word_1_51' title='bbox 806 786 892 820; x_wconf 90' lang='lat' dir='ltr'>res</span> <span class='ocrx_word' id='word_1_52' title='bbox 932 768 1083 835; x_wconf 87' lang='lat' dir='ltr'>ipsae</span> <span class='ocrx_word' id='word_1_53' title='bbox 1122 768 1336 820; x_wconf 87' lang='lat' dir='ltr'>credere</span> <span class='ocrx_word' id='word_1_54' title='bbox 1376 773 1586 838; x_wconf 88' lang='lat' dir='ltr'>cogent.</span> 
     </span>
     <span class='ocr_line' id='line_1_9' title="bbox 181 840 1533 911; baseline 0.001 -18"><span class='ocrx_word' id='word_1_55' title='bbox 181 840 323 903; x_wconf 83' lang='lat' dir='ltr'>Quin</span> <span class='ocrx_word' id='word_1_56' title='bbox 362 841 527 894; x_wconf 88' lang='lat' dir='ltr'>etiam</span> <span class='ocrx_word' id='word_1_57' title='bbox 565 844 716 894; x_wconf 90' lang='lat' dir='ltr'>tactu</span> <span class='ocrx_word' id='word_1_58' title='bbox 755 859 1002 894; x_wconf 91' lang='lat' dir='ltr'>moneam</span> <span class='ocrx_word' id='word_1_59' title='bbox 1044 842 1377 911; x_wconf 85' lang='lat' dir='ltr'>contingere,</span> <span class='ocrx_word' id='word_1_60' title='bbox 1415 845 1533 894; x_wconf 89' lang='lat' dir='ltr'>tuto</span> 
     </span>
     <span class='ocr_line' id='line_1_10' title="bbox 179 912 1660 985; baseline 0 -18"><span class='ocrx_word' id='word_1_61' title='bbox 179 912 237 967; x_wconf 79' lang='lat' dir='ltr'>Si</span> <span class='ocrx_word' id='word_1_62' title='bbox 275 914 459 968; x_wconf 89' lang='lat' dir='ltr'>liceat:</span> <span class='ocrx_word' id='word_1_63' title='bbox 499 915 789 983; x_wconf 72' lang='lat' dir='ltr'>prohibent</span> <span class='ocrx_word' id='word_1_64' title='bbox 825 915 1097 984; x_wconf 87' lang='lat' dir='ltr'>flammae,</span> <span class='ocrx_word' id='word_1_65' title='bbox 1137 915 1481 984; x_wconf 74' lang='lat' dir='ltr'>custodiaque</span> <span class='ocrx_word' id='word_1_66' title='bbox 1519 916 1660 985; x_wconf 85' lang='lat' dir='ltr'>ignis</span> 
     </span>
     <span class='ocr_line' id='line_1_11' title="bbox 178 987 1611 1058; baseline 0.001 -19"><span class='ocrx_word' id='word_1_67' title='bbox 178 987 267 1039; x_wconf 91' lang='lat' dir='ltr'>Illi</span> <span class='ocrx_word' id='word_1_68' title='bbox 307 989 458 1057; x_wconf 91' lang='lat' dir='ltr'>operi</span> <span class='ocrx_word' id='word_1_69' title='bbox 498 991 580 1040; x_wconf 90' lang='lat' dir='ltr'>est</span> <span class='ocrx_word' id='word_1_70' title='bbox 619 1007 805 1041; x_wconf 90' lang='lat' dir='ltr'>arcens</span> <span class='ocrx_word' id='word_1_71' title='bbox 846 988 1044 1058; x_wconf 80' lang='lat' dir='ltr'>aditus3</span> <span class='ocrx_word' id='word_1_72' title='bbox 1083 988 1371 1058; x_wconf 88' lang='lat' dir='ltr'>diuinaque</span> <span class='ocrx_word' id='word_1_73' title='bbox 1409 1007 1611 1057; x_wconf 85' lang='lat' dir='ltr'>rerum,</span> 
     </span>
     <span class='ocr_line' id='line_1_12' title="bbox 178 1061 1865 1130; baseline 0.001 -17"><span class='ocrx_word' id='word_1_74' title='bbox 178 1061 256 1113; x_wconf 92' lang='lat' dir='ltr'>Vt</span> <span class='ocrx_word' id='word_1_75' title='bbox 293 1062 466 1114; x_wconf 89' lang='lat' dir='ltr'>maior</span> <span class='ocrx_word' id='word_1_76' title='bbox 505 1063 708 1130; x_wconf 88' lang='lat' dir='ltr'>species</span> <span class='ocrx_word' id='word_1_77' title='bbox 748 1062 957 1114; x_wconf 90' lang='lat' dir='ltr'>Aetnae</span> <span class='ocrx_word' id='word_1_78' title='bbox 998 1065 1321 1129; x_wconf 73' lang='lat' dir='ltr'>succrescat,</span> <span class='ocrx_word' id='word_1_79' title='bbox 1359 1063 1417 1114; x_wconf 95' lang='lat' dir='ltr'>in</span> <span class='ocrx_word' id='word_1_80' title='bbox 1457 1063 1594 1115; x_wconf 89' lang='lat' dir='ltr'>actis</span> <span class='ocrx_word' id='word_1_81' title='bbox 1784 1074 1865 1114; x_wconf 84' lang='lat'>195</span> 
     </span>
     <span class='ocr_line' id='line_1_13' title="bbox 179 1135 1807 1204; baseline 0.001 -18"><span class='ocrx_word' id='word_1_82' title='bbox 179 1135 322 1187; x_wconf 82' lang='lat' dir='ltr'>Cura</span> <span class='ocrx_word' id='word_1_83' title='bbox 362 1135 477 1187; x_wconf 92' lang='lat' dir='ltr'>sine</span> <span class='ocrx_word' id='word_1_84' title='bbox 519 1135 744 1187; x_wconf 88' lang='lat' dir='ltr'>arbitrio</span> <span class='ocrx_word' id='word_1_85' title='bbox 786 1137 887 1187; x_wconf 87' lang='lat' dir='ltr'>est:</span> <span class='ocrx_word' id='word_1_86' title='bbox 929 1135 1116 1187; x_wconf 88' lang='lat' dir='ltr'>eadem</span> <span class='ocrx_word' id='word_1_87' title='bbox 1153 1136 1345 1204; x_wconf 90' lang='lat' dir='ltr'>procul</span> <span class='ocrx_word' id='word_1_88' title='bbox 1385 1137 1568 1188; x_wconf 88' lang='lat' dir='ltr'>omnia</span> <span class='ocrx_word' id='word_1_89' title='bbox 1608 1142 1807 1189; x_wconf 82' lang='lat' dir='ltr'>cernes,</span> 
     </span>
     <span class='ocr_line' id='line_1_14' title="bbox 177 1206 1867 1278; baseline 0 -18"><span class='ocrx_word' id='word_1_90' title='bbox 177 1206 293 1261; x_wconf 91' lang='lat' dir='ltr'>Nec</span> <span class='ocrx_word' id='word_1_91' title='bbox 331 1211 515 1260; x_wconf 89' lang='lat' dir='ltr'>tamen</span> <span class='ocrx_word' id='word_1_92' title='bbox 547 1213 630 1260; x_wconf 90' lang='lat' dir='ltr'>est</span> <span class='ocrx_word' id='word_1_93' title='bbox 661 1209 906 1276; x_wconf 88' lang='lat' dir='ltr'>dubium,</span> <span class='ocrx_word' id='word_1_94' title='bbox 946 1209 1160 1276; x_wconf 88' lang='lat' dir='ltr'>penitus</span> <span class='ocrx_word' id='word_1_95' title='bbox 1193 1209 1319 1277; x_wconf 92' lang='lat' dir='ltr'>quid</span> <span class='ocrx_word' id='word_1_96' title='bbox 1350 1212 1602 1278; x_wconf 91' lang='lat' dir='ltr'>torqueat</span> <span class='ocrx_word' id='word_1_97' title='bbox 1635 1210 1867 1261; x_wconf 89' lang='lat' dir='ltr'>Aetnam</span> 
     </span>
     <span class='ocr_line' id='line_1_15' title="bbox 179 1281 1607 1350; baseline 0.001 -17"><span class='ocrx_word' id='word_1_98' title='bbox 179 1281 294 1333; x_wconf 90' lang='lat' dir='ltr'>Aut</span> <span class='ocrx_word' id='word_1_99' title='bbox 332 1282 449 1350; x_wconf 90' lang='lat' dir='ltr'>quis</span> <span class='ocrx_word' id='word_1_100' title='bbox 489 1282 763 1335; x_wconf 87' lang='lat' dir='ltr'>mirandus</span> <span class='ocrx_word' id='word_1_101' title='bbox 802 1285 988 1334; x_wconf 87' lang='lat' dir='ltr'>tantae</span> <span class='ocrx_word' id='word_1_102' title='bbox 1026 1282 1181 1334; x_wconf 87' lang='lat' dir='ltr'>faber</span> <span class='ocrx_word' id='word_1_103' title='bbox 1219 1283 1450 1350; x_wconf 89' lang='lat' dir='ltr'>imperat</span> <span class='ocrx_word' id='word_1_104' title='bbox 1490 1283 1607 1335; x_wconf 91' lang='lat' dir='ltr'>arti.</span> 
     </span>
     <span class='ocr_line' id='line_1_16' title="bbox 178 1355 1679 1425; baseline 0.001 -18"><span class='ocrx_word' id='word_1_105' title='bbox 178 1355 408 1407; x_wconf 72' lang='lat' dir='ltr'>Pellitur</span> <span class='ocrx_word' id='word_1_106' title='bbox 447 1355 741 1408; x_wconf 83' lang='lat' dir='ltr'>exhaustae</span> <span class='ocrx_word' id='word_1_107' title='bbox 781 1355 1126 1425; x_wconf 86' lang='lat' dir='ltr'>glomeratim</span> <span class='ocrx_word' id='word_1_108' title='bbox 1164 1356 1381 1407; x_wconf 89' lang='lat' dir='ltr'>nimbus</span> <span class='ocrx_word' id='word_1_109' title='bbox 1419 1356 1679 1422; x_wconf 86' lang='lat' dir='ltr'>harenae,</span> 
     </span>
    </p>
   </div>
   <div class='ocr_carea' id='block_1_3' title="bbox 181 1458 535 1465">
    <p class='ocr_par' dir='ltr' id='par_1_4' title="bbox 181 1458 535 1465">
     <span class='ocr_line' id='line_1_17' title="bbox 181 1458 535 1465; baseline 0 1773"><span class='ocrx_word' id='word_1_110' title='bbox 181 1458 535 1465; x_wconf 95' lang='lat' dir='ltr'> </span> 
     </span>
    </p>
   </div>
   <div class='ocr_carea' id='block_1_4' title="bbox 178 1499 1875 2967">
    <p class='ocr_par' dir='ltr' id='par_1_5' title="bbox 178 1499 1875 2964">
     <span class='ocr_line' id='line_1_18' title="bbox 302 1499 1867 1556; baseline 0 -13"><span class='ocrx_word' id='word_1_111' title='bbox 302 1504 388 1544; x_wconf 86' lang='lat'>185</span> <span class='ocrx_word' id='word_1_112' title='bbox 419 1500 509 1544; x_wconf 83' lang='lat' dir='ltr'>Par</span> <span class='ocrx_word' id='word_1_113' title='bbox 541 1499 662 1556; x_wconf 88' lang='lat' dir='ltr'>signi</span> <span class='ocrx_word' id='word_1_114' title='bbox 685 1504 726 1541; x_wconf 90' lang='lat' dir='ltr'>H</span> <span class='ocrx_word' id='word_1_115' title='bbox 754 1501 760 1554; x_wconf 86' lang='grc' dir='ltr'>Ι</span> <span class='ocrx_word' id='word_1_116' title='bbox 788 1514 895 1556; x_wconf 88' lang='lat' dir='ltr'>pars</span> <span class='ocrx_word' id='word_1_117' title='bbox 927 1500 1070 1556; x_wconf 88' lang='lat' dir='ltr'>signis</span> <span class='ocrx_word' id='word_1_118' title='bbox 1104 1502 1175 1555; x_wconf 76' lang='lat' dir='ltr'>(ex</span> <span class='ocrx_word' id='word_1_119' title='bbox 1207 1514 1301 1556; x_wconf 88' lang='lat' dir='ltr'>seg.</span> <span class='ocrx_word' id='word_1_120' title='bbox 1335 1514 1450 1544; x_wconf 78' lang='lat' dir='ltr'>corr.</span> <span class='ocrx_word' id='word_1_121' title='bbox 1482 1515 1537 1544; x_wconf 83' lang='lat' dir='ltr'>m.</span> <span class='ocrx_word' id='word_1_122' title='bbox 1565 1502 1615 1555; x_wconf 80' lang='grc'>2)</span> <span class='ocrx_word' id='word_1_123' title='bbox 1645 1504 1687 1542; x_wconf 89' lang='lat' dir='ltr'>H</span> <span class='ocrx_word' id='word_1_124' title='bbox 1715 1501 1721 1555; x_wconf 82' lang='grc' dir='ltr'>Ι</span> <span class='ocrx_word' id='word_1_125' title='bbox 1748 1499 1867 1543; x_wconf 90' lang='lat' dir='ltr'>ferre</span> 
     </span>
     <span class='ocr_line' id='line_1_19' title="bbox 178 1557 1869 1615; baseline -0.001 -11"><span class='ocrx_word' id='word_1_126' title='bbox 178 1572 234 1604; x_wconf 80' lang='lat' dir='ltr'>ex</span> <span class='ocrx_word' id='word_1_127' title='bbox 255 1572 366 1603; x_wconf 92' lang='lat' dir='ltr'>uere</span> <span class='ocrx_word' id='word_1_128' title='bbox 390 1572 448 1602; x_wconf 88' lang='lat' dir='ltr'>m.</span> <span class='ocrx_word' id='word_1_129' title='bbox 474 1563 506 1604; x_wconf 76' lang='grc'>,2</span> <span class='ocrx_word' id='word_1_130' title='bbox 532 1572 644 1602; x_wconf 79' lang='lat' dir='ltr'>corr.</span> <span class='ocrx_word' id='word_1_131' title='bbox 670 1562 713 1600; x_wconf 88' lang='lat' dir='ltr'>H</span> <span class='ocrx_word' id='word_1_132' title='bbox 735 1560 751 1615; x_wconf 87' lang='grc' dir='ltr'>ΙΙ</span> <span class='ocrx_word' id='word_1_133' title='bbox 766 1563 872 1615; x_wconf 78' lang='lat' dir='ltr'>post</span> <span class='ocrx_word' id='word_1_134' title='bbox 907 1563 990 1603; x_wconf 87' lang='lat'>185</span> <span class='ocrx_word' id='word_1_135' title='bbox 1021 1560 1143 1602; x_wconf 74' lang='lat' dir='ltr'>hunc</span> <span class='ocrx_word' id='word_1_136' title='bbox 1165 1573 1347 1602; x_wconf 78' lang='lat' dir='ltr'>uersum</span> <span class='ocrx_word' id='word_1_137' title='bbox 1371 1563 1402 1600; x_wconf 90' lang='lat'><strong>0</strong></span> <span class='ocrx_word' id='word_1_138' title='bbox 1433 1559 1613 1602; x_wconf 75' lang='lat' dir='ltr'>inserit:</span> <span class='ocrx_word' id='word_1_139' title='bbox 1645 1560 1699 1602; x_wconf 89' lang='lat' dir='ltr'>ut</span> <span class='ocrx_word' id='word_1_140' title='bbox 1721 1557 1869 1602; x_wconf 87' lang='lat' dir='ltr'>maior</span> 
     </span>
     <span class='ocr_line' id='line_1_20' title="bbox 180 1617 1869 1674; baseline 0 -13"><span class='ocrx_word' id='word_1_141' title='bbox 180 1617 357 1674; x_wconf 88' lang='lat' dir='ltr'>specics</span> <span class='ocrx_word' id='word_1_142' title='bbox 381 1618 546 1662; x_wconf 86' lang='lat' dir='ltr'>aetnae</span> <span class='ocrx_word' id='word_1_143' title='bbox 571 1618 810 1661; x_wconf 85' lang='lat' dir='ltr'>succurrat</span> <span class='ocrx_word' id='word_1_144' title='bbox 831 1617 985 1662; x_wconf 88' lang='lat' dir='ltr'>inanis</span> <span class='ocrx_word' id='word_1_145' title='bbox 1010 1618 1216 1674; x_wconf 84' lang='lat'>(=195),</span> <span class='ocrx_word' id='word_1_146' title='bbox 1240 1631 1368 1673; x_wconf 76' lang='lat' dir='ltr'>quem</span> <span class='ocrx_word' id='word_1_147' title='bbox 1382 1622 1496 1662; x_wconf 78' lang='lat' dir='ltr'>recte</span> <span class='ocrx_word' id='word_1_148' title='bbox 1520 1618 1647 1661; x_wconf 86' lang='lat' dir='ltr'>eiecit</span> <span class='ocrx_word' id='word_1_149' title='bbox 1670 1618 1869 1662; x_wconf 77' lang='lat' dir='ltr'>Iacobus</span> 
     </span>
     <span class='ocr_line' id='line_1_21' title="bbox 180 1676 1868 1734; baseline -0.001 -14"><span class='ocrx_word' id='word_1_150' title='bbox 180 1677 315 1733; x_wconf 84' lang='lat' dir='ltr'>(idem</span> <span class='ocrx_word' id='word_1_151' title='bbox 332 1677 595 1720; x_wconf 84' lang='lat' dir='ltr'>succrescat</span> <span class='ocrx_word' id='word_1_152' title='bbox 609 1680 760 1721; x_wconf 76' lang='lat' dir='ltr'>tamen</span> <span class='ocrx_word' id='word_1_153' title='bbox 779 1689 1057 1734; x_wconf 54' lang='lat' dir='ltr'>propomam</span> <span class='ocrx_word' id='word_1_154' title='bbox 1076 1677 1340 1721; x_wconf 85' lang='lat' dir='ltr'>succrescat</span> <span class='ocrx_word' id='word_1_155' title='bbox 1354 1676 1403 1719; x_wconf 89' lang='lat' dir='ltr'>in</span> <span class='ocrx_word' id='word_1_156' title='bbox 1421 1688 1555 1720; x_wconf 86' lang='lat' dir='ltr'>auras</span> <span class='ocrx_word' id='word_1_157' title='bbox 1573 1676 1831 1732; x_wconf 77' lang='lat' dir='ltr'>Hauptius)</span> <span class='ocrx_word' id='word_1_158' title='bbox 1855 1676 1868 1733; x_wconf 72' lang='grc' dir='ltr'>Η</span> 
     </span>
     <span class='ocr_line' id='line_1_22' title="bbox 181 1734 1865 1791; baseline -0.001 -12"><span class='ocrx_word' id='word_1_159' title='bbox 181 1738 267 1779; x_wconf 87' lang='grc'>186</span> <span class='ocrx_word' id='word_1_160' title='bbox 305 1735 519 1780; x_wconf 74' lang='lat' dir='ltr'>omittunt</span> <span class='ocrx_word' id='word_1_161' title='bbox 557 1739 699 1789; x_wconf 75' lang='grc' dir='ltr'><strong>ΟΗς,</strong></span> <span class='ocrx_word' id='word_1_162' title='bbox 738 1736 869 1779; x_wconf 80' lang='lat' dir='ltr'>habet</span> <span class='ocrx_word' id='word_1_163' title='bbox 900 1739 936 1777; x_wconf 94' lang='lat' dir='ltr'>G</span> <span class='ocrx_word' id='word_1_164' title='bbox 971 1739 1074 1791; x_wconf 82' lang='lat' dir='ltr'>post</span> <span class='ocrx_word' id='word_1_165' title='bbox 1112 1739 1222 1790; x_wconf 87' lang='lat'>188,</span> <span class='ocrx_word' id='word_1_166' title='bbox 1261 1736 1349 1779; x_wconf 76' lang='lat' dir='ltr'>hue</span> <span class='ocrx_word' id='word_1_167' title='bbox 1386 1736 1566 1779; x_wconf 80' lang='lat' dir='ltr'>traiecit</span> <span class='ocrx_word' id='word_1_168' title='bbox 1605 1734 1865 1791; x_wconf 75' lang='lat' dir='ltr'>Matthiae}</span> 
     </span>
     <span class='ocr_line' id='line_1_23' title="bbox 179 1793 1869 1851; baseline -0.002 -12"><span class='ocrx_word' id='word_1_169' title='bbox 179 1794 310 1851; x_wconf 87' lang='lat' dir='ltr'>operi</span> <span class='ocrx_word' id='word_1_170' title='bbox 334 1798 369 1836; x_wconf 98' lang='lat' dir='ltr'>G</span> <span class='ocrx_word' id='word_1_171' title='bbox 390 1795 406 1850; x_wconf 87' lang='grc' dir='ltr'>ΙΙ</span> <span class='ocrx_word' id='word_1_172' title='bbox 433 1797 515 1838; x_wconf 82' lang='lat'>187</span> <span class='ocrx_word' id='word_1_173' title='bbox 547 1794 622 1837; x_wconf 87' lang='lat' dir='ltr'>illi</span> <span class='ocrx_word' id='word_1_174' title='bbox 645 1797 698 1835; x_wconf 89' lang='lat' dir='ltr'>G:</span> <span class='ocrx_word' id='word_1_175' title='bbox 732 1793 828 1837; x_wconf 88' lang='lat' dir='ltr'>illis</span> <span class='ocrx_word' id='word_1_176' title='bbox 854 1797 931 1836; x_wconf 81' lang='lat'>011</span> <span class='ocrx_word' id='word_1_177' title='bbox 960 1793 1061 1851; x_wconf 83' lang='lat' dir='ltr'>igni</span> <span class='ocrx_word' id='word_1_178' title='bbox 1092 1794 1320 1837; x_wconf 81' lang='lat' dir='ltr'>Matthiae</span> <span class='ocrx_word' id='word_1_179' title='bbox 1345 1795 1352 1847; x_wconf 76' lang='grc'>1</span> <span class='ocrx_word' id='word_1_180' title='bbox 1380 1793 1510 1838; x_wconf 88' lang='lat' dir='ltr'>sedes</span> <span class='ocrx_word' id='word_1_181' title='bbox 1541 1795 1869 1848; x_wconf 89' lang='lat' dir='ltr'>tantarumque</span> 
     </span>
     <span class='ocr_line' id='line_1_24' title="bbox 178 1853 1871 1908; baseline -0.001 -11"><span class='ocrx_word' id='word_1_182' title='bbox 178 1867 288 1897; x_wconf 90' lang='lat' dir='ltr'>area</span> <span class='ocrx_word' id='word_1_183' title='bbox 317 1866 473 1896; x_wconf 90' lang='lat' dir='ltr'>rerum</span> <span class='ocrx_word' id='word_1_184' title='bbox 504 1853 576 1897; x_wconf 89' lang='lat' dir='ltr'>est</span> <span class='ocrx_word' id='word_1_185' title='bbox 606 1857 661 1894; x_wconf 89' lang='lat' dir='ltr'>G:</span> <span class='ocrx_word' id='word_1_186' title='bbox 702 1853 942 1896; x_wconf 85' lang='lat' dir='ltr'>tantarum</span> <span class='ocrx_word' id='word_1_187' title='bbox 973 1853 1198 1908; x_wconf 87' lang='lat' dir='ltr'>sedesque</span> <span class='ocrx_word' id='word_1_188' title='bbox 1229 1865 1443 1896; x_wconf 89' lang='lat' dir='ltr'>arearum</span> <span class='ocrx_word' id='word_1_189' title='bbox 1473 1853 1542 1896; x_wconf 90' lang='lat' dir='ltr'>est</span> <span class='ocrx_word' id='word_1_190' title='bbox 1574 1857 1603 1894; x_wconf 80' lang='lat'><strong>0</strong></span> <span class='ocrx_word' id='word_1_191' title='bbox 1633 1853 1871 1896; x_wconf 84' lang='lat' dir='ltr'>tantarum</span> 
     </span>
     <span class='ocr_line' id='line_1_25' title="bbox 179 1910 1869 1967; baseline -0.001 -11"><span class='ocrx_word' id='word_1_192' title='bbox 179 1911 405 1967; x_wconf 88' lang='lat' dir='ltr'>sedesque</span> <span class='ocrx_word' id='word_1_193' title='bbox 436 1924 545 1955; x_wconf 83' lang='lat' dir='ltr'>area</span> <span class='ocrx_word' id='word_1_194' title='bbox 575 1924 729 1955; x_wconf 90' lang='lat' dir='ltr'>rerum</span> <span class='ocrx_word' id='word_1_195' title='bbox 762 1913 832 1956; x_wconf 91' lang='lat' dir='ltr'>est</span> <span class='ocrx_word' id='word_1_196' title='bbox 861 1915 904 1953; x_wconf 90' lang='lat' dir='ltr'>H</span> <span class='ocrx_word' id='word_1_197' title='bbox 949 1913 964 1966; x_wconf 81' lang='grc' dir='ltr'>ΙΙ</span> <span class='ocrx_word' id='word_1_198' title='bbox 1013 1915 1096 1955; x_wconf 90' lang='grc'>188</span> <span class='ocrx_word' id='word_1_199' title='bbox 1129 1910 1360 1955; x_wconf 88' lang='lat' dir='ltr'>artificum</span> <span class='ocrx_word' id='word_1_200' title='bbox 1389 1915 1431 1953; x_wconf 91' lang='lat' dir='ltr'>H</span> <span class='ocrx_word' id='word_1_201' title='bbox 1460 1925 1517 1956; x_wconf 84' lang='lat' dir='ltr'>m.</span> <span class='ocrx_word' id='word_1_202' title='bbox 1551 1915 1577 1955; x_wconf 88' lang='lat'>1</span> <span class='ocrx_word' id='word_1_203' title='bbox 1629 1913 1635 1965; x_wconf 80' lang='lat' dir='ltr'>l</span> <span class='ocrx_word' id='word_1_204' title='bbox 1684 1910 1869 1955; x_wconf 90' lang='lat' dir='ltr'>incendi</span> 
     </span>
     <span class='ocr_line' id='line_1_26' title="bbox 179 1968 1872 2037; baseline 0 -25"><span class='ocrx_word' id='word_1_205' title='bbox 179 1974 272 2013; x_wconf 73' lang='lat' dir='ltr'>OG:</span> <span class='ocrx_word' id='word_1_206' title='bbox 305 1968 523 2037; x_wconf 78' lang='lat' dir='ltr'>incendia</span> <span class='ocrx_word' id='word_1_207' title='bbox 552 1973 594 2012; x_wconf 90' lang='lat' dir='ltr'>H</span> <span class='ocrx_word' id='word_1_208' title='bbox 617 1972 632 2028; x_wconf 74' lang='grc' dir='ltr'>Ι]</span> <span class='ocrx_word' id='word_1_209' title='bbox 658 1974 742 2014; x_wconf 92' lang='grc'>189</span> <span class='ocrx_word' id='word_1_210' title='bbox 773 1970 859 2014; x_wconf 91' lang='lat' dir='ltr'>illa</span> <span class='ocrx_word' id='word_1_211' title='bbox 888 1970 937 2014; x_wconf 91' lang='lat' dir='ltr'>in</span> <span class='ocrx_word' id='word_1_212' title='bbox 967 1971 1152 2026; x_wconf 74' lang='lat' dir='ltr'>scripsi:</span> <span class='ocrx_word' id='word_1_213' title='bbox 1192 1970 1324 2013; x_wconf 89' lang='lat' dir='ltr'>illam</span> <span class='ocrx_word' id='word_1_214' title='bbox 1357 1973 1387 2012; x_wconf 94' lang='grc'><strong>0</strong></span> <span class='ocrx_word' id='word_1_215' title='bbox 1416 1975 1422 2023; x_wconf 79' lang='grc'>1</span> <span class='ocrx_word' id='word_1_216' title='bbox 1449 1983 1595 2026; x_wconf 86' lang='lat' dir='ltr'>paruo</span> <span class='ocrx_word' id='word_1_217' title='bbox 1628 1970 1710 2013; x_wconf 91' lang='lat' dir='ltr'>aut</span> <span class='ocrx_word' id='word_1_218' title='bbox 1739 1969 1872 2013; x_wconf 86' lang='lat' dir='ltr'>tenui</span> 
     </span>
     <span class='ocr_line' id='line_1_27' title="bbox 179 2028 1870 2085; baseline 0 -14"><span class='ocrx_word' id='word_1_219' title='bbox 179 2028 447 2073; x_wconf 84' lang='lat' dir='ltr'>discrimine</span> <span class='ocrx_word' id='word_1_220' title='bbox 479 2028 626 2085; x_wconf 87' lang='lat' dir='ltr'>signis</span> <span class='ocrx_word' id='word_1_221' title='bbox 658 2033 714 2071; x_wconf 96' lang='lat' dir='ltr'>G.</span> <span class='ocrx_word' id='word_1_222' title='bbox 755 2028 889 2085; x_wconf 90' lang='lat' dir='ltr'>parui</span> <span class='ocrx_word' id='word_1_223' title='bbox 921 2031 1005 2073; x_wconf 91' lang='lat' dir='ltr'>aut</span> <span class='ocrx_word' id='word_1_224' title='bbox 1042 2029 1194 2073; x_wconf 88' lang='lat' dir='ltr'>tenuis</span> <span class='ocrx_word' id='word_1_225' title='bbox 1234 2028 1514 2073; x_wconf 86' lang='lat' dir='ltr'>discriminis</span> <span class='ocrx_word' id='word_1_226' title='bbox 1547 2030 1648 2083; x_wconf 88' lang='lat' dir='ltr'>(-na</span> <span class='ocrx_word' id='word_1_227' title='bbox 1670 2031 1712 2069; x_wconf 91' lang='lat' dir='ltr'>H</span> <span class='ocrx_word' id='word_1_228' title='bbox 1741 2038 1798 2071; x_wconf 78' lang='lat' dir='ltr'>m·-</span> <span class='ocrx_word' id='word_1_229' title='bbox 1824 2029 1870 2083; x_wconf 88' lang='lat'>1)</span> 
     </span>
     <span class='ocr_line' id='line_1_28' title="bbox 178 2085 1866 2154; baseline -0.001 -24"><span class='ocrx_word' id='word_1_230' title='bbox 178 2087 311 2144; x_wconf 87' lang='lat' dir='ltr'>ignes</span> <span class='ocrx_word' id='word_1_231' title='bbox 352 2089 504 2142; x_wconf 77' lang='lat' dir='ltr'>ceteri3</span> <span class='ocrx_word' id='word_1_232' title='bbox 547 2087 682 2131; x_wconf 90' lang='lat' dir='ltr'>illam</span> <span class='ocrx_word' id='word_1_233' title='bbox 715 2114 769 2119; x_wconf 83' lang='lat'><strong>—</strong></span> <span class='ocrx_word' id='word_1_234' title='bbox 804 2087 960 2144; x_wconf 86' lang='lat' dir='ltr'>signes</span> <span class='ocrx_word' id='word_1_235' title='bbox 1000 2087 1243 2154; x_wconf 64' lang='grc' dir='ltr'>ῌααφὺίαε</span> <span class='ocrx_word' id='word_1_236' title='bbox 1286 2088 1302 2143; x_wconf 75' lang='grc' dir='ltr'>ΙΙ</span> <span class='ocrx_word' id='word_1_237' title='bbox 1350 2091 1434 2130; x_wconf 89' lang='grc'>190</span> <span class='ocrx_word' id='word_1_238' title='bbox 1473 2086 1599 2130; x_wconf 90' lang='lat' dir='ltr'>Ville</span> <span class='ocrx_word' id='word_1_239' title='bbox 1636 2089 1678 2128; x_wconf 92' lang='lat' dir='ltr'>H</span> <span class='ocrx_word' id='word_1_240' title='bbox 1716 2100 1772 2130; x_wconf 86' lang='lat' dir='ltr'>m.</span> <span class='ocrx_word' id='word_1_241' title='bbox 1804 2090 1830 2129; x_wconf 92' lang='lat'>1</span> <span class='ocrx_word' id='word_1_242' title='bbox 1860 2085 1866 2143; x_wconf 88' lang='grc' dir='ltr'>Ι</span> 
     </span>
     <span class='ocr_line' id='line_1_29' title="bbox 182 2145 1870 2214; baseline -0.001 -25"><span class='ocrx_word' id='word_1_243' title='bbox 182 2146 403 2214; x_wconf 86' lang='lat' dir='ltr'>exiguum</span> <span class='ocrx_word' id='word_1_244' title='bbox 435 2172 490 2178; x_wconf 96' lang='lat'><strong>—</strong></span> <span class='ocrx_word' id='word_1_245' title='bbox 522 2147 729 2202; x_wconf 88' lang='lat' dir='ltr'>tempus,</span> <span class='ocrx_word' id='word_1_246' title='bbox 762 2147 828 2190; x_wconf 86' lang='lat' dir='ltr'>sic</span> <span class='ocrx_word' id='word_1_247' title='bbox 859 2150 914 2188; x_wconf 91' lang='lat' dir='ltr'>G.</span> <span class='ocrx_word' id='word_1_248' title='bbox 948 2146 1116 2202; x_wconf 86' lang='lat' dir='ltr'>exiguo</span> <span class='ocrx_word' id='word_1_249' title='bbox 1147 2145 1427 2203; x_wconf 88' lang='lat' dir='ltr'>ponentibus</span> <span class='ocrx_word' id='word_1_250' title='bbox 1457 2147 1672 2201; x_wconf 88' lang='lat' dir='ltr'>tempora</span> <span class='ocrx_word' id='word_1_251' title='bbox 1702 2157 1814 2188; x_wconf 88' lang='lat' dir='ltr'>uera</span> <span class='ocrx_word' id='word_1_252' title='bbox 1841 2149 1870 2186; x_wconf 81' lang='lat' dir='ltr'><strong>c</strong></span> 
     </span>
     <span class='ocr_line' id='line_1_30' title="bbox 179 2203 1871 2262; baseline -0.002 -12"><span class='ocrx_word' id='word_1_253' title='bbox 179 2204 346 2262; x_wconf 84' lang='lat' dir='ltr'>exiguo</span> <span class='ocrx_word' id='word_1_254' title='bbox 393 2205 570 2261; x_wconf 89' lang='lat' dir='ltr'>ponent</span> <span class='ocrx_word' id='word_1_255' title='bbox 614 2204 705 2248; x_wconf 89' lang='lat' dir='ltr'>tibi</span> <span class='ocrx_word' id='word_1_256' title='bbox 743 2205 957 2261; x_wconf 87' lang='lat' dir='ltr'>tempora</span> <span class='ocrx_word' id='word_1_257' title='bbox 998 2206 1086 2261; x_wconf 89' lang='lat' dir='ltr'>(-re</span> <span class='ocrx_word' id='word_1_258' title='bbox 1115 2219 1172 2248; x_wconf 86' lang='lat' dir='ltr'>m.</span> <span class='ocrx_word' id='word_1_259' title='bbox 1206 2206 1256 2260; x_wconf 79' lang='lat'>2)</span> <span class='ocrx_word' id='word_1_260' title='bbox 1295 2218 1408 2248; x_wconf 89' lang='lat' dir='ltr'>uera</span> <span class='ocrx_word' id='word_1_261' title='bbox 1439 2207 1480 2246; x_wconf 90' lang='lat' dir='ltr'>H</span> <span class='ocrx_word' id='word_1_262' title='bbox 1526 2205 1542 2260; x_wconf 88' lang='grc' dir='ltr'>ΙΙ</span> <span class='ocrx_word' id='word_1_263' title='bbox 1590 2208 1672 2247; x_wconf 91' lang='grc'>191</span> <span class='ocrx_word' id='word_1_264' title='bbox 1715 2203 1871 2247; x_wconf 89' lang='lat' dir='ltr'>oculos</span> 
     </span>
     <span class='ocr_line' id='line_1_31' title="bbox 180 2261 1872 2319; baseline -0.001 -12"><span class='ocrx_word' id='word_1_265' title='bbox 180 2263 352 2308; x_wconf 91' lang='lat' dir='ltr'>ducent</span> <span class='ocrx_word' id='word_1_266' title='bbox 391 2263 673 2308; x_wconf 78' lang='lat' dir='ltr'>Schraderas</span> <span class='ocrx_word' id='word_1_267' title='bbox 705 2262 994 2319; x_wconf 78' lang='lat' dir='ltr'>(Obsera.1o.</span> <span class='ocrx_word' id='word_1_268' title='bbox 1027 2264 1122 2318; x_wconf 90' lang='lat'>31):</span> <span class='ocrx_word' id='word_1_269' title='bbox 1167 2263 1324 2307; x_wconf 89' lang='lat' dir='ltr'>oculos</span> <span class='ocrx_word' id='word_1_270' title='bbox 1364 2262 1540 2306; x_wconf 87' lang='lat' dir='ltr'>ducunt</span> <span class='ocrx_word' id='word_1_271' title='bbox 1578 2266 1614 2304; x_wconf 96' lang='lat' dir='ltr'>G</span> <span class='ocrx_word' id='word_1_272' title='bbox 1654 2261 1872 2318; x_wconf 89' lang='lat' dir='ltr'>oculique</span> 
     </span>
     <span class='ocr_line' id='line_1_32' title="bbox 180 2277 1873 2380; baseline -0.002 -13"><span class='ocrx_word' id='word_1_273' title='bbox 180 2323 349 2367; x_wconf 87' lang='lat' dir='ltr'>docent</span> <span class='ocrx_word' id='word_1_274' title='bbox 379 2323 512 2366; x_wconf 83' lang='lat' dir='ltr'>ceteri</span> <span class='ocrx_word' id='word_1_275' title='bbox 553 2323 560 2377; x_wconf 89' lang='grc' dir='ltr'>Ι</span> <span class='ocrx_word' id='word_1_276' title='bbox 601 2323 706 2378; x_wconf 88' lang='lat' dir='ltr'>ipsa</span> <span class='ocrx_word' id='word_1_277' title='bbox 736 2326 779 2364; x_wconf 82' lang='lat'>11</span> <span class='ocrx_word' id='word_1_278' title='bbox 821 2321 829 2380; x_wconf 82' lang='grc' dir='ltr'>Ι</span> <span class='ocrx_word' id='word_1_279' title='bbox 871 2324 1042 2378; x_wconf 88' lang='lat' dir='ltr'>cogent</span> <span class='ocrx_word' id='word_1_280' title='bbox 1071 2326 1175 2364; x_wconf 88' lang='lat' dir='ltr'>GH:</span> <span class='ocrx_word' id='word_1_281' title='bbox 1215 2322 1389 2378; x_wconf 70' lang='lat' dir='ltr'>cogimt</span> <span class='ocrx_word' id='word_1_282' title='bbox 1419 2326 1448 2363; x_wconf 81' lang='lat' dir='ltr'>c</span> <span class='ocrx_word' id='word_1_283' title='bbox 1480 2316 1607 2377; x_wconf 64' lang='lat' dir='ltr'>cogit</span> <span class='ocrx_word' id='word_1_284' title='bbox 1637 2324 1679 2362; x_wconf 90' lang='lat' dir='ltr'>H</span> <span class='ocrx_word' id='word_1_285' title='bbox 1711 2335 1781 2365; x_wconf 85' lang='lat' dir='ltr'>m.</span> <span class='ocrx_word' id='word_1_286' title='bbox 1781 2277 1833 2364; x_wconf 73' lang='lat' dir='ltr'>q2</span> <span class='ocrx_word' id='word_1_287' title='bbox 1856 2319 1873 2377; x_wconf 67' lang='grc' dir='ltr'>Η</span> 
     </span>
     <span class='ocr_line' id='line_1_33' title="bbox 183 2378 1869 2437; baseline -0.002 -12"><span class='ocrx_word' id='word_1_288' title='bbox 183 2387 267 2425; x_wconf 79' lang='lat'>192</span> <span class='ocrx_word' id='word_1_289' title='bbox 299 2393 515 2426; x_wconf 87' lang='lat' dir='ltr'>moneam</span> <span class='ocrx_word' id='word_1_290' title='bbox 553 2380 800 2425; x_wconf 72' lang='lat' dir='ltr'>Heinsius·</span> <span class='ocrx_word' id='word_1_291' title='bbox 844 2382 1068 2425; x_wconf 88' lang='lat' dir='ltr'>moneant</span> <span class='ocrx_word' id='word_1_292' title='bbox 1097 2385 1133 2422; x_wconf 95' lang='lat' dir='ltr'>G</span> <span class='ocrx_word' id='word_1_293' title='bbox 1173 2381 1273 2437; x_wconf 86' lang='lat' dir='ltr'>(sic)</span> <span class='ocrx_word' id='word_1_294' title='bbox 1312 2381 1503 2424; x_wconf 90' lang='lat' dir='ltr'>moneat</span> <span class='ocrx_word' id='word_1_295' title='bbox 1534 2384 1562 2421; x_wconf 84' lang='lat' dir='ltr'><strong>c</strong></span> <span class='ocrx_word' id='word_1_296' title='bbox 1603 2380 1764 2423; x_wconf 90' lang='lat' dir='ltr'>monet</span> <span class='ocrx_word' id='word_1_297' title='bbox 1792 2383 1835 2421; x_wconf 88' lang='lat' dir='ltr'>H</span> <span class='ocrx_word' id='word_1_298' title='bbox 1861 2378 1869 2436; x_wconf 61' lang='lat' dir='ltr'>l</span> 
     </span>
     <span class='ocr_line' id='line_1_34' title="bbox 180 2438 1872 2496; baseline -0.002 -12"><span class='ocrx_word' id='word_1_299' title='bbox 180 2441 286 2484; x_wconf 89' lang='lat' dir='ltr'>tuto</span> <span class='ocrx_word' id='word_1_300' title='bbox 319 2443 385 2483; x_wconf 95' lang='lat' dir='ltr'>G.</span> <span class='ocrx_word' id='word_1_301' title='bbox 417 2441 520 2484; x_wconf 92' lang='lat' dir='ltr'>toto</span> <span class='ocrx_word' id='word_1_302' title='bbox 551 2440 683 2484; x_wconf 80' lang='lat' dir='ltr'>ceteri</span> <span class='ocrx_word' id='word_1_303' title='bbox 720 2440 736 2495; x_wconf 77' lang='grc' dir='ltr'>ΙΙ</span> <span class='ocrx_word' id='word_1_304' title='bbox 777 2444 861 2484; x_wconf 83' lang='grc'>194</span> <span class='ocrx_word' id='word_1_305' title='bbox 893 2439 1021 2496; x_wconf 88' lang='lat' dir='ltr'>operi</span> <span class='ocrx_word' id='word_1_306' title='bbox 1052 2443 1106 2482; x_wconf 95' lang='lat' dir='ltr'>G:</span> <span class='ocrx_word' id='word_1_307' title='bbox 1141 2452 1333 2495; x_wconf 88' lang='lat' dir='ltr'>operum</span> <span class='ocrx_word' id='word_1_308' title='bbox 1366 2443 1394 2480; x_wconf 79' lang='lat' dir='ltr'>c</span> <span class='ocrx_word' id='word_1_309' title='bbox 1426 2439 1638 2495; x_wconf 80' lang='lat' dir='ltr'>opertum</span> <span class='ocrx_word' id='word_1_310' title='bbox 1668 2441 1729 2492; x_wconf 89' lang='lat' dir='ltr'>H;</span> <span class='ocrx_word' id='word_1_311' title='bbox 1768 2438 1872 2494; x_wconf 86' lang='lat' dir='ltr'>Ipse</span> 
     </span>
     <span class='ocr_line' id='line_1_35' title="bbox 181 2495 1874 2600; baseline -0.003 -57"><span class='ocrx_word' id='word_1_312' title='bbox 181 2497 314 2555; x_wconf 85' lang='lat' dir='ltr'>operi</span> <span class='ocrx_word' id='word_1_313' title='bbox 344 2496 851 2600; x_wconf 35' lang='lat' dir='ltr'>Schraderusaearcens</span> <span class='ocrx_word' id='word_1_314' title='bbox 884 2498 1024 2542; x_wconf 80' lang='lat' dir='ltr'>Itali:</span> <span class='ocrx_word' id='word_1_315' title='bbox 1058 2499 1219 2542; x_wconf 87' lang='lat' dir='ltr'>arcent</span> <span class='ocrx_word' id='word_1_316' title='bbox 1249 2501 1280 2539; x_wconf 92' lang='lat'><strong>0</strong></span> <span class='ocrx_word' id='word_1_317' title='bbox 1309 2500 1315 2552; x_wconf 74' lang='grc'>1</span> <span class='ocrx_word' id='word_1_318' title='bbox 1343 2496 1497 2541; x_wconf 87' lang='lat' dir='ltr'>aditus</span> <span class='ocrx_word' id='word_1_319' title='bbox 1530 2501 1623 2540; x_wconf 84' lang='lat' dir='ltr'>cG.</span> <span class='ocrx_word' id='word_1_320' title='bbox 1657 2495 1769 2540; x_wconf 87' lang='lat' dir='ltr'>ditis</span> <span class='ocrx_word' id='word_1_321' title='bbox 1793 2499 1837 2562; x_wconf 88' lang='lat' dir='ltr'>H</span> <span class='ocrx_word' id='word_1_322' title='bbox 1857 2495 1874 2553; x_wconf 82' lang='grc' dir='ltr'>Η</span> 
     </span>
     <span class='ocr_line' id='line_1_36' title="bbox 182 2553 1873 2621; baseline -0.002 -20"><span class='ocrx_word' id='word_1_323' title='bbox 182 2560 267 2602; x_wconf 82' lang='lat'>195</span> <span class='ocrx_word' id='word_1_324' title='bbox 303 2556 521 2602; x_wconf 77' lang='lat' dir='ltr'>Gorallus</span> <span class='ocrx_word' id='word_1_325' title='bbox 551 2561 592 2602; x_wconf 89' lang='lat' dir='ltr'>et</span> <span class='ocrx_word' id='word_1_326' title='bbox 688 2557 966 2612; x_wconf 71' lang='lat' dir='ltr'>ernsdorfius</span> <span class='ocrx_word' id='word_1_327' title='bbox 995 2558 1219 2601; x_wconf 76' lang='lat' dir='ltr'>eiecerunt</span> <span class='ocrx_word' id='word_1_328' title='bbox 1248 2557 1346 2601; x_wconf 77' lang='lat' dir='ltr'>sine</span> <span class='ocrx_word' id='word_1_329' title='bbox 1374 2557 1475 2600; x_wconf 79' lang='lat' dir='ltr'>iure</span> <span class='ocrx_word' id='word_1_330' title='bbox 1502 2557 1507 2611; x_wconf 77' lang='grc' dir='ltr'>Ι</span> <span class='ocrx_word' id='word_1_331' title='bbox 1535 2556 1794 2621; x_wconf 84' lang='lat' dir='ltr'>succrescat</span> <span class='ocrx_word' id='word_1_332' title='bbox 1823 2553 1873 2598; x_wconf 86' lang='lat' dir='ltr'>in</span> 
     </span>
     <span class='ocr_line' id='line_1_37' title="bbox 182 2613 1875 2672; baseline -0.003 -12"><span class='ocrx_word' id='word_1_333' title='bbox 182 2615 302 2660; x_wconf 88' lang='lat' dir='ltr'>actis</span> <span class='ocrx_word' id='word_1_334' title='bbox 355 2616 520 2672; x_wconf 78' lang='lat' dir='ltr'>scripsi</span> <span class='ocrx_word' id='word_1_335' title='bbox 574 2616 650 2671; x_wconf 77' lang='lat' dir='ltr'>(ef.</span> <span class='ocrx_word' id='word_1_336' title='bbox 710 2615 818 2660; x_wconf 83' lang='lat' dir='ltr'>Tac.</span> <span class='ocrx_word' id='word_1_337' title='bbox 874 2615 1022 2660; x_wconf 76' lang='lat' dir='ltr'>Germ.</span> <span class='ocrx_word' id='word_1_338' title='bbox 1079 2629 1113 2661; x_wconf 85' lang='lat' dir='ltr'>c.</span> <span class='ocrx_word' id='word_1_339' title='bbox 1159 2616 1260 2671; x_wconf 82' lang='lat'>34):</span> <span class='ocrx_word' id='word_1_340' title='bbox 1317 2615 1555 2659; x_wconf 85' lang='lat' dir='ltr'>succurrat</span> <span class='ocrx_word' id='word_1_341' title='bbox 1605 2613 1756 2658; x_wconf 89' lang='lat' dir='ltr'>inanis</span> <span class='ocrx_word' id='word_1_342' title='bbox 1803 2617 1834 2655; x_wconf 89' lang='lat'><strong>0</strong></span> <span class='ocrx_word' id='word_1_343' title='bbox 1859 2613 1875 2671; x_wconf 72' lang='grc' dir='ltr'>Η</span> 
     </span>
     <span class='ocr_line' id='line_1_38' title="bbox 184 2673 1875 2731; baseline -0.002 -12"><span class='ocrx_word' id='word_1_344' title='bbox 184 2678 270 2719; x_wconf 85' lang='grc'>196</span> <span class='ocrx_word' id='word_1_345' title='bbox 296 2687 455 2719; x_wconf 84' lang='lat' dir='ltr'>cernes</span> <span class='ocrx_word' id='word_1_346' title='bbox 479 2679 530 2717; x_wconf 79' lang='lat' dir='ltr'>G:</span> <span class='ocrx_word' id='word_1_347' title='bbox 558 2673 709 2719; x_wconf 89' lang='lat' dir='ltr'>cernis</span> <span class='ocrx_word' id='word_1_348' title='bbox 732 2678 775 2717; x_wconf 93' lang='lat' dir='ltr'>H</span> <span class='ocrx_word' id='word_1_349' title='bbox 800 2677 855 2730; x_wconf 94' lang='lat' dir='ltr'>(G</span> <span class='ocrx_word' id='word_1_350' title='bbox 878 2673 920 2731; x_wconf 74' lang='grc'>,9)</span> <span class='ocrx_word' id='word_1_351' title='bbox 951 2675 965 2730; x_wconf 88' lang='grc' dir='ltr'>ΙΙ</span> <span class='ocrx_word' id='word_1_352' title='bbox 999 2679 1081 2719; x_wconf 83' lang='grc'>197</span> <span class='ocrx_word' id='word_1_353' title='bbox 1109 2674 1219 2730; x_wconf 88' lang='lat' dir='ltr'>quid</span> <span class='ocrx_word' id='word_1_354' title='bbox 1244 2677 1298 2716; x_wconf 93' lang='lat' dir='ltr'>G.</span> <span class='ocrx_word' id='word_1_355' title='bbox 1326 2673 1439 2730; x_wconf 89' lang='lat' dir='ltr'>quin</span> <span class='ocrx_word' id='word_1_356' title='bbox 1462 2674 1594 2717; x_wconf 82' lang='lat' dir='ltr'>ceteri</span> <span class='ocrx_word' id='word_1_357' title='bbox 1621 2675 1627 2728; x_wconf 74' lang='grc' dir='ltr'>Ι</span> <span class='ocrx_word' id='word_1_358' title='bbox 1653 2674 1875 2727; x_wconf 86' lang='lat' dir='ltr'>torqueat</span> 
     </span>
     <span class='ocr_line' id='line_1_39' title="bbox 184 2730 1875 2790; baseline -0.001 -15"><span class='ocrx_word' id='word_1_359' title='bbox 184 2736 266 2776; x_wconf 83' lang='lat' dir='ltr'>cH</span> <span class='ocrx_word' id='word_1_360' title='bbox 300 2732 423 2790; x_wconf 82' lang='lat' dir='ltr'>(sie):</span> <span class='ocrx_word' id='word_1_361' title='bbox 454 2734 634 2778; x_wconf 88' lang='lat' dir='ltr'>torreat</span> <span class='ocrx_word' id='word_1_362' title='bbox 669 2737 704 2775; x_wconf 89' lang='lat' dir='ltr'>G</span> <span class='ocrx_word' id='word_1_363' title='bbox 731 2735 737 2789; x_wconf 77' lang='grc' dir='ltr'>Ι</span> <span class='ocrx_word' id='word_1_364' title='bbox 765 2735 965 2777; x_wconf 86' lang='lat' dir='ltr'>Aetnam</span> <span class='ocrx_word' id='word_1_365' title='bbox 996 2737 1032 2775; x_wconf 93' lang='lat' dir='ltr'>G</span> <span class='ocrx_word' id='word_1_366' title='bbox 1065 2735 1104 2788; x_wconf 91' lang='lat' dir='ltr'>(e</span> <span class='ocrx_word' id='word_1_367' title='bbox 1134 2733 1351 2788; x_wconf 77' lang='lat' dir='ltr'>silentio).</span> <span class='ocrx_word' id='word_1_368' title='bbox 1393 2731 1564 2776; x_wconf 87' lang='lat' dir='ltr'>aethna</span> <span class='ocrx_word' id='word_1_369' title='bbox 1595 2736 1623 2773; x_wconf 79' lang='lat' dir='ltr'>c</span> <span class='ocrx_word' id='word_1_370' title='bbox 1656 2733 1765 2774; x_wconf 88' lang='lat' dir='ltr'>etna</span> <span class='ocrx_word' id='word_1_371' title='bbox 1793 2734 1836 2772; x_wconf 89' lang='lat' dir='ltr'>H</span> <span class='ocrx_word' id='word_1_372' title='bbox 1859 2730 1875 2787; x_wconf 71' lang='grc' dir='ltr'>Ιξ</span> 
     </span>
     <span class='ocr_line' id='line_1_40' title="bbox 185 2790 1873 2849; baseline -0.001 -14"><span class='ocrx_word' id='word_1_373' title='bbox 185 2795 270 2836; x_wconf 91' lang='grc'>198</span> <span class='ocrx_word' id='word_1_374' title='bbox 302 2792 506 2849; x_wconf 81' lang='lat' dir='ltr'>imperat</span> <span class='ocrx_word' id='word_1_375' title='bbox 538 2794 568 2833; x_wconf 91' lang='grc'><strong>0</strong></span> <span class='ocrx_word' id='word_1_376' title='bbox 601 2792 725 2847; x_wconf 85' lang='lat' dir='ltr'>(sic):</span> <span class='ocrx_word' id='word_1_377' title='bbox 756 2791 956 2848; x_wconf 87' lang='lat' dir='ltr'>imperet</span> <span class='ocrx_word' id='word_1_378' title='bbox 986 2793 1122 2846; x_wconf 80' lang='lat' dir='ltr'>Itali3</span> <span class='ocrx_word' id='word_1_379' title='bbox 1156 2792 1234 2836; x_wconf 83' lang='lat' dir='ltr'>sed</span> <span class='ocrx_word' id='word_1_380' title='bbox 1263 2791 1372 2835; x_wconf 79' lang='lat' dir='ltr'>haec</span> <span class='ocrx_word' id='word_1_381' title='bbox 1399 2790 1634 2834; x_wconf 82' lang='lat' dir='ltr'>modorwm</span> <span class='ocrx_word' id='word_1_382' title='bbox 1665 2790 1873 2844; x_wconf 73' lang='lat' dir='ltr'>confusio</span> 
     </span>
     <span class='ocr_line' id='line_1_41' title="bbox 182 2848 1870 2907; baseline -0.002 -12"><span class='ocrx_word' id='word_1_383' title='bbox 182 2855 339 2896; x_wconf 75' lang='lat' dir='ltr'>nostro</span> <span class='ocrx_word' id='word_1_384' title='bbox 350 2850 577 2896; x_wconf 78' lang='lat' dir='ltr'>sollemnis</span> <span class='ocrx_word' id='word_1_385' title='bbox 599 2850 614 2906; x_wconf 90' lang='grc' dir='ltr'>ΙΙ</span> <span class='ocrx_word' id='word_1_386' title='bbox 641 2854 725 2894; x_wconf 89' lang='lat'>199</span> <span class='ocrx_word' id='word_1_387' title='bbox 745 2851 997 2895; x_wconf 83' lang='lat' dir='ltr'>exhaustae</span> <span class='ocrx_word' id='word_1_388' title='bbox 1015 2855 1069 2893; x_wconf 89' lang='lat' dir='ltr'>G:</span> <span class='ocrx_word' id='word_1_389' title='bbox 1089 2851 1292 2907; x_wconf 83' lang='lat' dir='ltr'>exut(a)e</span> <span class='ocrx_word' id='word_1_390' title='bbox 1309 2850 1441 2894; x_wconf 78' lang='lat' dir='ltr'>ceteri</span> <span class='ocrx_word' id='word_1_391' title='bbox 1467 2851 1472 2903; x_wconf 84' lang='grc' dir='ltr'>Ι</span> <span class='ocrx_word' id='word_1_392' title='bbox 1500 2848 1799 2905; x_wconf 84' lang='lat' dir='ltr'>glomeratim</span> <span class='ocrx_word' id='word_1_393' title='bbox 1815 2851 1870 2890; x_wconf 85' lang='lat' dir='ltr'>G:</span> 
     </span>
     <span class='ocr_line' id='line_1_42' title="bbox 185 2908 1677 2967; baseline -0.001 -13.999"><span class='ocrx_word' id='word_1_394' title='bbox 185 2910 470 2967; x_wconf 86' lang='lat' dir='ltr'>glomeratur</span> <span class='ocrx_word' id='word_1_395' title='bbox 501 2910 633 2953; x_wconf 83' lang='lat' dir='ltr'>ceteri</span> <span class='ocrx_word' id='word_1_396' title='bbox 675 2911 681 2964; x_wconf 70' lang='grc' dir='ltr'>Ι</span> <span class='ocrx_word' id='word_1_397' title='bbox 725 2910 923 2963; x_wconf 84' lang='lat' dir='ltr'>nymbus</span> <span class='ocrx_word' id='word_1_398' title='bbox 955 2915 983 2951; x_wconf 83' lang='lat' dir='ltr'><strong>c</strong></span> <span class='ocrx_word' id='word_1_399' title='bbox 1026 2912 1033 2964; x_wconf 83' lang='grc'>1</span> <span class='ocrx_word' id='word_1_400' title='bbox 1076 2922 1242 2953; x_wconf 88' lang='lat' dir='ltr'>arenae</span> <span class='ocrx_word' id='word_1_401' title='bbox 1273 2911 1315 2950; x_wconf 90' lang='lat' dir='ltr'>H</span> <span class='ocrx_word' id='word_1_402' title='bbox 1347 2909 1399 2963; x_wconf 92' lang='lat' dir='ltr'>(G</span> <span class='ocrx_word' id='word_1_403' title='bbox 1430 2921 1452 2951; x_wconf 87' lang='lat' dir='ltr'>e</span> <span class='ocrx_word' id='word_1_404' title='bbox 1481 2908 1677 2962; x_wconf 78' lang='lat' dir='ltr'>silentio)</span> 
     </span>
    </p>
   </div>
  </div>
 </body>
</html>
