1992 3238
749 194 1142 240 VERGILIANA.
1723 195 1795 248 33

102 334 208 387 tale
244 337 345 385 est:
390 330 551 383 incidi
585 330 830 397 pabulum
865 330 926 381 in
960 345 1162 395 specum
1189 329 1547 396 procumbente
1583 327 1797 398 Priapo,

107 407 396 475 Priapeum
420 421 448 456 e
471 403 672 456 nostris
703 402 926 455 tertium
956 403 1014 454 in
1038 404 1216 454 mente
1250 403 1458 456 habuit.
1501 420 1614 456 non
1639 403 1795 455 unius

102 483 291 532 autem
323 476 559 530 auctoris
592 494 708 528 esse
746 476 854 529 tria
891 475 985 527 illa
1017 475 1257 528 carmina
1289 476 1411 530 inde
1443 476 1637 530 elucet.
1655 475 1799 545 quod

100 552 251 605 *idem
289 551 473 604 thema
511 548 550 618 (e
561 548 743 618 Priapi
783 548 1011 618 singulis
1051 548 1177 601 anni
1215 550 1552 617 temporibus
1594 548 1798 619 sacra')

107 626 258 678 uarie
304 626 559 677 tractant.
621 623 714 675 sed
760 623 848 675 uel
895 622 1141 685 tertium,
1187 622 1331 690 quod
1377 623 1597 692 reliquis
1644 641 1795 691 prae-

107 699 292 767 minet,
332 698 402 750 ob
432 715 546 750 rem
584 696 862 749 metricam
902 714 935 748 a
964 695 1189 748 Marone
1229 713 1344 748 esse
1383 695 1620 748 alienum
1658 700 1802 749 recte

103 772 336 825 adnotat
381 769 439 822 L.
486 768 776 822 Muellerus
827 769 1016 838 [praef.
1063 767 1132 821 ad
1181 766 1298 821 Cat.
1344 787 1395 837 p.
1433 768 1655 838 XLIV];
1702 787 1801 822 nec

102 843 390 915 probabile
431 845 514 896 est
552 861 617 896 ex
646 843 867 912 reliquis
898 843 1216 896 alterutrum
1248 842 1528 912 scripsisse
1561 842 1802 896 eundem.

110 949 179 957 —
215 921 453 971 ceterum
483 916 807 970 falsissimos
841 934 958 970 esse
998 916 1091 985 qui
1120 915 1388 986 integram
1418 915 1570 969 illam
1602 915 1802 969 LXXX

107 992 462 1061 Priapeorum
515 991 889 1044 collectionem
946 989 1245 1059 antiquitus
1293 992 1511 1043 nostrae
1559 990 1801 1060 syllogae

111 1065 339 1119 infuisse
394 1066 714 1132 statuerent,
769 1063 985 1132 saepius
1040 1063 1429 1116 declarauimus
1485 1063 1574 1130 [cf.
1621 1064 1730 1117 uol.
1776 1063 1803 1116 Ι

260 1213 337 1264 At
389 1209 747 1278 Catalecta‚
809 1228 946 1279 quae
1000 1211 1165 1279 uulgo
1221 1210 1469 1278 audiunt,
1522 1210 1802 1263 continent

109 1303 247 1354 quae
299 1285 415 1337 iure
467 1285 766 1354 meritoque
820 1282 1050 1353 Vergilii
1103 1300 1302 1336 nomen
1354 1283 1679 1353 praeferant.
1748 1287 1802 1337 et

112 1357 412 1412 Cremonae
459 1358 698 1427 quidem,
744 1357 840 1409 ubi
876 1357 1001 1410 inde
1038 1357 1107 1410 ab
1148 1375 1195 1410 a.
1234 1357 1305 1410 58
1359 1376 1404 1410 a.
1443 1355 1564 1410 Chr.
1611 1357 1799 1426 primis

110 1433 415 1485 litterarum
455 1431 646 1483 studiis
693 1430 1057 1498 imbuebatur,
1106 1430 1387 1483 Maronem
1433 1431 1626 1483 lusisse
1673 1433 1805 1499 puto

113 1505 394 1574 parodiam
430 1504 582 1556 illam
615 1502 980 1556 Catullianam
1011 1521 1055 1556 c.
1085 1503 1137 1555 X
1172 1501 1335 1573 (VIII
1367 1502 1522 1574 olim)
1562 1504 1621 1556 in
1653 1502 1805 1557 Sabi-

112 1598 267 1647 num,
313 1580 375 1630 ut
412 1577 547 1630 mihi
583 1577 818 1645 uidetur,
863 1579 1287 1645 praeceptorem,
1335 1578 1426 1646 qui
1465 1595 1530 1629 ex
1569 1578 1807 1630 mulione

112 1652 290 1706 factus
345 1654 461 1704 erat
509 1649 806 1704 Cremonae
860 1650 975 1703 ludi
1028 1651 1290 1719 magister
1335 1651 1601 1720 simulque
1653 1650 1811 1704 decu-

113 1726 284 1779 rionis
341 1724 429 1792 [cf.
474 1743 525 1777 u.
563 1726 634 1778 23
667 1726 766 1794 sq.]
824 1742 1045 1777 munere
1097 1722 1510 1795 fungebatur*).
1572 1727 1626 1776 et
1676 1727 1810 1794 toga

265 1855 308 1912 *)
347 1855 491 1912 uulgo
530 1857 724 1911 accepta
761 1855 811 1898 P.
851 1853 1048 1899 Victorii
1087 1854 1167 1910 [ad
1207 1853 1302 1901 Cic.
1339 1854 1448 1900 fam.
1490 1854 1532 1897 X
1572 1853 1648 1912 18]
1701 1868 1809 1899 eon-

115 1914 296 1959 iectura
334 1914 558 1958 Sabinum
595 1914 765 1970 putant
803 1912 897 1957 dici
934 1913 986 1958 P.
1025 1912 1299 1958 Ventidium
1337 1913 1553 1958 Bassum:
1604 1916 1660 1958 cf.
1700 1913 1811 1958 Rib-

118 1972 311 2018 beckius
354 1971 498 2029 praef.
540 1985 644 2039 app:
683 1971 823 2029 Verg.
862 1987 908 2029 p.
944 1977 1014 2017 10.
1077 1971 1157 2040 sed
1196 1972 1375 2039 omnia·
1396 1971 1508 2016 dum
1553 1972 1810 2039 perpendo,

117 2045 283 2145 {55¹3ss
318 2030 1233 2147 tzigfissfffflgnssffissassssf&iffi
1252 2032 1551 2146 ffiffissrffia
1587 2046 1650 2135 ἓί,
1667 2031 1812 2134 Piis?-

119 2149 320 2193 cultates
352 2148 578 2204 quasdam
609 2148 686 2193 hic
716 2148 766 2192 in
797 2148 1186 2206 disceptationem
1216 2148 1448 2194 uocando:

446 2207 608 2263 Tuque
640 2221 668 2251 o
700 2221 910 2252 mearum
942 2222 1075 2263 cura,
1110 2207 1270 2262 Sexte,
1303 2221 1517 2252 curarum

446 2265 588 2323 Vale,
622 2265 813 2321 Sabine3
845 2266 940 2311 iam
971 2267 1129 2311 ualete
1159 2266 1367 2311 formosi.

119 2325 171 2368 in
203 2324 370 2381 quibus
397 2324 554 2369 uerbis
583 2338 734 2382 neque
768 2326 1001 2381 quomodo
1027 2339 1122 2370 uno
1153 2327 1338 2370 tantum
1363 2325 1535 2370 Sabino
1569 2325 1810 2382 appellato

119 2383 366 2440 pluraliter
390 2383 542 2428 dicere
563 2384 771 2440 potuerit
797 2385 978 2430 ‘ualete
1000 2384 1219 2430 formosi’
1252 2398 1403 2441 neque
1428 2398 1524 2438 cur,
1549 2384 1588 2428 si
1611 2384 1811 2428 aliorum

119 2443 428 2487 formosorum
466 2442 640 2509 mentio
677 2456 770 2487 non
808 2443 1141 2500 praecesserit,
1181 2444 1305 2487 hunc
1338 2443 1563 2487 Sabinum
1594 2456 1810 2487 curarum

121 2502 1279 2606 {aaraa}aas&castificas...
1309 2501 1814 2617 sta..

122 2619 255 2663 uaria
285 2619 384 2663 sine
415 2618 747 2676 probabilitate
778 2620 1130 2677 temptantibus,
1179 2622 1229 2663 at
1260 2620 1300 2664 si
1322 2619 1601 2677 magistrum
1633 2620 1814 2665 scilicet

123 2678 348 2723 Sabinum
394 2677 662 2735 designauit
698 2677 934 2736 Vergilius
974 2693 1080 2723 eum
1125 2681 1370 2735 tamquam
1407 2693 1638 2724 summam
1682 2693 1814 2723 suam

123 2750 283 2781 curam
321 2737 577 2795 adiungens
621 2737 851 2794 prioribus
888 2737 1144 2783 scolasticis
1191 2739 1408 2795 (quorum
1453 2739 1638 2783 tantum
1680 2738 1812 2782 libris

125 2795 223 2840 sine
254 2796 396 2841 dubio
427 2810 536 2841 usus
569 2798 710 2852 erat),
750 2797 946 2842 molesto
978 2795 1062 2841 illo
1096 2796 1341 2842 ‘formosi'
1382 2797 1431 2841 in
1461 2797 1511 2841 id
1542 2796 1669 2853 quod
1700 2797 1811 2840 huic

123 2855 320 2958 {ozextzi
350 2855 561 2912 adprime
594 2857 666 2900 est
697 2858 860 2912 aptum
894 2855 1115 2901 ‘morosi’
1158 2856 1316 2901 reficto
1358 2856 1515 2901 omnia
1558 2855 1733 2914 optime
1767 2870 1817 2900 se

161 2927 189 2958 a
222 2926 282 2957 en
306 2950 315 2959 .

214 2996 331 3029 Ponr.
356 3004 447 3029 ΕΔΤ.
477 3005 563 3030 um.
596 2998 647 3031 ΙΙ,
1521 2994 1546 3033 3
