1992 3238
809 198 842 242 I.
886 198 1102 246 CVLEX.
1726 200 1796 252 69

116 335 511 403 Inmoriturque
552 350 711 401 super
748 332 940 384 fluctus
979 337 1034 385 et
1073 351 1202 387 saxa
1240 333 1503 403 Capherei

116 408 387 461 Euboicas
427 409 521 459 aut
555 425 651 475 per
688 407 870 459 cautes
908 404 1231 475 Aegaeaque
1269 408 1378 460 late
1714 419 1800 461 355

116 481 325 550 Litora,
372 499 492 534 cum
529 479 798 549 Phrygiae
836 479 1040 547 passim
1080 497 1221 549 uaga
1259 481 1456 549 praeda
1495 483 1802 550 peremptae

117 554 304 607 Omnis
344 555 402 606 in
440 571 705 623 aequoreo
744 552 924 605 fluitat
961 552 1072 604 iam
1109 553 1375 622 naufraga
1414 555 1592 608 fluctu,

116 628 219 681 Hic
260 628 351 680 alii
391 627 571 680 sidunt
608 625 806 695 pariles
844 626 1062 678 uirtutis
1100 625 1307 679 honore

114 701 322 755 Heroes
362 700 656 769 mediisque
695 699 786 752 siti
825 703 950 751 sunt
988 699 1204 752 sedibus
1244 717 1451 768 omneS‚

118 778 335 843 OmneS‚
374 774 551 827 Roma
589 773 747 826 decus
787 773 969 843 magni
1008 791 1142 841 quos
1183 774 1408 842 suspicit
1446 774 1606 826 orbis,
1715 788 1802 828 360

116 847 221 901 Hic
259 847 414 901 Fabii
453 847 736 917 Deciique,
774 846 863 899 hic
902 849 985 899 est
1022 849 1077 899 et
1114 846 1380 900 Gracchia
1417 847 1611 915 uirtUS,

115 921 221 974 Hic
260 925 314 975 et
351 921 499 974 fama
535 924 692 974 uetus
730 938 1028 988 numquam
1066 922 1330 974 moritura
1368 921 1596 989 Metelli,

118 993 337 1048 Curtius
377 998 451 1062 et,
489 995 679 1047 mediis
720 1011 876 1063 quem
917 994 1189 1062 quondam
1229 995 1444 1048 sedibus
1483 994 1631 1046 urbis

116 1069 390 1122 Deuotum
426 1069 589 1121 tellus
629 1066 963 1136 consumpsit
1000 1068 1232 1138 gurgitis
1270 1069 1435 1133 unda,

114 1142 326 1196 Mucius
366 1145 422 1194 et
457 1142 691 1210 prudens
732 1141 979 1194 ardorem
1018 1158 1240 1210 corpore
1279 1160 1496 1210 passus3
1717 1154 1802 1194 365

20 1263 33 1268 ,
114 1215 218 1269 Hic
260 1215 453 1269 Curius
494 1216 668 1268 clarae
708 1215 885 1268 socius
924 1213 1145 1269 uirtutis
1186 1219 1239 1268 et
1276 1216 1367 1268 ille
1718 1228 1804 1267 367

114 1289 418 1358 FabriciuS‚
457 1289 620 1342 cessit
659 1289 744 1342 cui
781 1288 955 1340 fracta
990 1291 1236 1357 potentia
1273 1290 1440 1359 regis»,
1645 1302 1804 1357 368,66

236 1405 323 1449 354
354 1404 696 1461 Immoriaturq:
730 1409 758 1446 0
802 1409 809 1462 Ι
851 1421 942 1464 que
973 1420 1056 1452 om.
1089 1411 1131 1449 Η
1169 1407 1176 1462 Ι
1215 1404 1434 1462 capharei
1464 1408 1501 1446 V
1532 1403 1693 1460 pherei
1723 1407 1765 1445 Η
1792 1403 1808 1461 ΙΙ

118 1468 203 1509 355
227 1478 391 1520 egeaq3
418 1467 475 1506 V:
510 1477 707 1518 ereaque
729 1468 763 1507 B
795 1479 1027 1522 nereaque
1051 1471 1080 1508 Ο
1111 1466 1330 1522 phereaq.
1354 1467 1396 1505 Η
1422 1466 1429 1520 Ι
1458 1467 1543 1507 356
1567 1462 1807 1506 LictoraV

114 1523 228 1567 Litt.
261 1521 303 1565 Η
349 1525 355 1579 Ι
400 1522 615 1579 phrigiae
644 1526 678 1564 B
711 1522 847 1581 frigie
878 1528 966 1567 HV
1012 1526 1017 1579 Ι
1062 1524 1335 1581 peremptae
1367 1526 1428 1565 11:
1460 1523 1706 1578 perempta
1737 1525 1767 1563 0
1792 1520 1808 1578 ξΙ

115 1587 199 1626 357
233 1582 339 1627 dedi
369 1595 426 1626 ex
454 1585 513 1624 V:
551 1582 772 1626 Fluctuat
809 1584 958 1628 omnis
996 1583 1046 1627 in
1085 1584 1354 1639 (a)equoreo
1392 1579 1640 1637 naufragia
1676 1580 1808 1623 luctu

112 1645 238 1683 ΒΟΗ
270 1643 456 1697 (equore
486 1644 528 1685 et
556 1641 785 1698 naufraga
814 1645 873 1697 Η)
911 1642 1159 1699 nauifraga
1190 1641 1395 1697 Sealiqer
1425 1640 1548 1683 male
1579 1638 1808 1695 naufraga

114 1700 339 1745 Heinsius
361 1702 378 1756 ΙΙ
400 1703 486 1743 358
511 1699 668 1744 sidunt
690 1703 798 1743 HV:
831 1701 984 1746 sident
1005 1705 1078 1744 ΒΟ
1105 1705 1112 1756 Ι
1138 1699 1324 1756 parides
1349 1703 1386 1741 V
1408 1701 1424 1755 ΙΙ
1447 1702 1532 1742 359
1564 1697 1727 1742 medus
1750 1702 1807 1752 133

113 1759 311 1816 placidis
341 1759 548 1803 Koehius
591 1760 607 1815 ΙΙ
653 1764 739 1803 360
772 1758 942 1805 Omnes
973 1764 1034 1803 112
1069 1759 1229 1805 Omnis
1262 1763 1292 1801 0
1336 1761 1343 1813 Ι
1386 1772 1521 1802 como
1553 1758 1695 1801 dacus
1728 1757 1809 1811 (da

114 1832 170 1863 ecc
200 1819 334 1874 corr.)
364 1818 432 1862 sie
460 1821 499 1859 V
526 1819 533 1873 Ι
561 1818 757 1876 suspicit
786 1819 1032 1864 Heinsius:
1066 1818 1262 1875 suscipit
1286 1821 1316 1860 0
1341 1818 1358 1875 ΙΙ
1381 1822 1466 1862 361
1499 1817 1708 1872 decuque
1735 1819 1768 1858 B
1798 1815 1803 1873 Ι

115 1877 192 1921 hic
238 1890 384 1933 supra
430 1877 510 1920 lin.
550 1881 589 1919 V
637 1882 643 1928 1
694 1879 742 1921 et
788 1891 870 1923 om.
919 1882 962 1920 Η
1011 1880 1017 1934 Ι
1067 1877 1289 1934 gracchia
1326 1881 1383 1919 V:
1432 1875 1583 1920 oratio
1622 1879 1694 1917 ΒΟ
1726 1888 1807 1919 oro

116 1938 362 1991 (supra-ser.
388 1949 445 1979 m.
463 1940 495 1981 2
521 1935 694 1992 oracia)
717 1940 759 1978 Η
788 1936 987 1982 Horatia
1009 1938 1148 1993 uulgo
1170 1938 1187 1993 ΙΙ
1210 1941 1296 1980 362
1330 1940 1434 1979 ante
1458 1939 1542 1979 361
1574 1934 1706 1978 habet
1728 1937 1770 1975 Η
1795 1933 1807 1989 ΙΙ

118 1999 202 2039 362
235 1994 461 2039 moritura
491 1994 672 2039 metelli
702 1999 809 2038 HV:
842 2010 974 2041 mora
1004 1996 1135 2040 melli
1164 1999 1238 2038 ΒΟ
1271 1994 1515 2052 (moritura
1545 2007 1629 2049 per
1661 1996 1749 2037 eust
1773 1996 1807 2034 B

118 2068 174 2098 m.
209 2067 293 2098 ree.
326 2054 461 2108 corr.)
501 2054 728 2098 moritura
760 2054 946 2099 Camilli
974 2055 1173 2099 Bembus
1218 2055 1233 2112 ΙΙ
1279 2059 1363 2098 363
1398 2051 1585 2097 Cursius
1616 2055 1654 2093 V
1696 2049 1809 2095 Cur-

116 2112 216 2157 cius
241 2116 283 2155 Η
311 2115 317 2165 Ι
344 2112 510 2156 mediis
534 2116 591 2155 V:
625 2113 804 2157 medius
826 2117 899 2156 ΒΟ
930 2113 1105 2159 mecius
1130 2117 1173 2155 Η
1200 2115 1206 2168 Ι
1234 2113 1431 2157 condam
1453 2115 1491 2153 V
1513 2112 1529 2168 ΙΙ
1552 2116 1639 2155 364
1669 2110 1811 2154 tellus

127 2171 448 2226 Wakefieldus:
475 2171 614 2215 bellis
640 2175 671 2214 0
695 2171 818 2216 diuis
842 2172 1055 2230 Silliyius
1077 2172 1159 2216 Dis
1181 2173 1346 2216 uotum
1370 2170 1561 2215 infernis
1588 2169 1779 2226 Maehly
1801 2168 1807 2226 Ι

117 2229 316 2286 gurgitis
357 2230 484 2274 unda
521 2231 755 2288 Heynius:
799 2246 970 2290 gurges
1008 2232 1058 2276 in
1094 2231 1221 2275 unda
1253 2235 1283 2273 0
1324 2231 1389 2287 (in
1427 2228 1571 2273 iunda
1600 2233 1634 2271 Β
1673 2243 1729 2273 m.
1762 2230 1810 2282 1)

116 2302 289 2345 gurges
335 2289 565 2334 inundans
619 2289 825 2347 Scaliyer
876 2290 1079 2348 gurgitis
1130 2290 1324 2334 haustus
1377 2289 1575 2334 Bembus
1620 2288 1810 2343 (haustu

123 2347 441 2401 Wakefieldus)
480 2348 496 2404 ΙΙ
533 2353 619 2393 365
651 2349 826 2394 Mutius
855 2353 973 2392 BcV
1004 2351 1103 2406 (sie)
1134 2351 1150 2406 ΙΙ
1180 2354 1267 2394 366
1290 2362 1379 2405 sqq.
1412 2349 1478 2392 sic
1508 2347 1639 2391 habet
1677 2349 1728 2388 0:

237 2411 323 2450 366
385 2405 616 2463 Legitima
647 2407 787 2452 cessit
817 2408 894 2453 cui
923 2409 1074 2452 ftacta
1103 2408 1317 2465 potentia
1345 2405 1469 2464 regis

236 2470 321 2509 367
382 2464 472 2509 Hic
504 2464 666 2509 Curius
696 2466 823 2511 clare
855 2468 1006 2512 socius
1037 2466 1224 2511 uirtutis
1255 2468 1304 2511 et
1333 2466 1414 2515 ille

235 2529 323 2568 368
384 2523 641 2568 Flaminius
672 2525 846 2570 deuota
874 2526 1006 2571 dedit
1037 2525 1117 2582 qui
1148 2539 1343 2582 corpora
1373 2525 1588 2568 flammae

120 2584 231 2639 (nisi
277 2584 398 2639 qnod
436 2588 522 2627 366
562 2583 813 2640 Legittime
853 2589 916 2641 11,
964 2585 1081 2629 eesit
1117 2588 1159 2626 11
1196 2598 1253 2628 m.
1285 2588 1335 2638 1,
1382 2583 1508 2627 facta
1545 2586 1578 2624 Β
1626 2582 1725 2626 fata
1756 2587 1806 2636 Ο;

118 2647 203 2687 367
237 2642 348 2686 dare
381 2647 431 2697 Ο,
464 2641 607 2687 sotius
637 2646 698 2696 V3
732 2647 819 2688 368
848 2643 1153 2688 Flamminius
1176 2646 1249 2685 ΒΟ
1280 2641 1550 2687 Flamineus
1574 2645 1637 2698 11,
1669 2641 1809 2685 dedet

118 2705 195 2758 V);
226 2703 279 2745 in
309 2702 475 2757 quibus
504 2701 646 2746 uerba
678 2702 851 2746 deuota
880 2727 939 2735 -—
969 2703 1186 2747 flammae
1214 2703 1409 2759 ylossam
1438 2714 1528 2746 esse
1558 2702 1620 2746 ad
1649 2714 1695 2744 u.
1721 2703 1806 2743 365

118 2761 398 2817 adscriptam
429 2761 622 2817 aynouit
650 2760 865 2817 Heynius
894 2762 1032 2805 simul
1062 2760 1304 2805 Fabricius
1328 2773 1421 2817 pro
1450 2759 1707 2805 Flaminius
1738 2772 1807 2803 re-

113 2832 310 2875 ponens3
345 2820 741 2875 interpolationem
770 2820 1062 2864 retinentium
1093 2821 1212 2864 inter
1242 2821 1524 2864 coniectwras
1554 2831 1806 2864 commemo-

112 2879 294 2922 ·randae
325 2883 411 2922 366
443 2878 692 2922 Limitibus
731 2878 968 2923 Ribbeekii
1006 2878 1253 2935 (Aeacidae
1285 2878 1537 2935 Silliyins),
1578 2882 1663 2922 368
1695 2876 1808 2921 Cae-

121 2937 254 2981 cilius
280 2938 389 2993 (pro
405 2936 678 2993 Flaminius)
702 2937 891 2982 Nicolai
908 2937 1115 2993 Loensis,
1139 2939 1219 2995 qui
1241 2942 1282 2983 et
1304 2937 1485 2982 lumina
1504 2951 1591 2994 pro
1617 2949 1809 2993 corpora
