1992 3238
184 198 292 251 124
575 198 694 242 XVI.
737 196 1053 241 APPENDIX
1083 196 1474 243 VERGILIANA.

181 332 256 386 Et
294 332 405 385 iam
443 332 591 384 mille
630 349 821 384 manus
862 349 1086 401 operum
1123 331 1415 401 turbaeque
1453 335 1747 387 morantur.

181 405 330 459 Haec
368 405 592 458 uisenda
628 407 827 474 putans
866 408 1012 459 terra
1049 405 1160 458 ruis
1199 422 1369 474 usque
1407 406 1686 475 marique?
1782 420 1868 459 600

179 478 422 532 Artificis
460 480 686 531 naturae
724 479 920 548 ingens
959 497 1095 548 opus
1127 479 1328 547 aspice:
1366 479 1519 531 nulla

181 552 264 604 Tu
301 554 458 604 tanta
494 551 751 605 humanis
791 553 983 622 opibus
1016 554 1323 620 spectacula
1361 569 1544 605 cernes
1552 595 1567 622 ‚

180 624 579 695 Praecipueque
618 627 758 696 uigil
796 644 957 695 rupes
996 625 1091 678 ubi
1131 625 1405 678 Trinacris
1446 626 1613 680 ardet.

179 698 488 768 Insequitur
525 700 773 753 miranda
809 702 995 752 tamen
1034 717 1132 751 sua
1168 698 1353 752 fabula
1391 703 1657 770 montem,

180 770 295 825 Nec
326 773 502 826 minus
533 773 627 827 ille
658 773 764 842 pi0,
804 791 966 842 quam
1000 790 1105 841 quo
1139 790 1282 841 sonS,
1319 773 1520 826 nobilis
1551 775 1733 844 ignist.
1783 786 1868 828 605

182 843 326 899 Nam
365 846 637 916 quondam
675 847 851 915 ruptis
891 846 1175 898 excanduit
1212 846 1393 899 Aetna
1431 848 1675 912 cauernis

178 918 255 972 Et
293 920 444 973 uelut
481 920 682 973 euersis
720 920 935 988 penitus
974 919 1283 973 fornacibus
1324 920 1517 989 ingens

179 991 386 1046 Euecta
425 997 509 1046 est
547 994 771 1063 longum
810 993 1015 1046 rabidis
1054 993 1359 1046 feruoribus
1398 994 1565 1047 unda:

179 1065 342 1118 Haud
382 1067 540 1119 aliter
578 1085 739 1135 quam
778 1085 900 1119 eum
932 1084 1095 1119 saeuo
1133 1066 1263 1120 Ioue
1303 1066 1544 1137 fulgurat
1583 1068 1768 1122 aether

177 1138 254 1191 Et
290 1140 520 1192 nitidum
562 1141 792 1193 obscura
827 1140 1038 1193 eaelum
1077 1140 1310 1210 caligine
1348 1144 1546 1209 torpet.
1785 1156 1870 1196 610

177 1212 460 1266 Ardebant
499 1214 643 1284 agris
684 1217 895 1284 segetes
937 1216 992 1266 et
1029 1213 1162 1266 ditia
1201 1214 1349 1267 cultu

182 1284 378 1356 Iugera
417 1304 538 1339 cum
578 1287 850 1356 domibus,
890 1287 1058 1340 siluae
1097 1287 1366 1357 collesque
1404 1288 1655 1342 uirentes.

178 1358 415 1412 Vixdum
447 1363 625 1413 castra
654 1364 853 1429 putant
882 1360 1097 1414 hostem
1128 1362 1366 1414 mouisse
1395 1362 1754 1431 tremendum,

180 1432 255 1485 Et
293 1433 402 1486 iam
441 1434 703 1487 finitimae
741 1437 926 1503 portas
966 1434 1245 1487 inuaserat
1282 1435 1447 1488 urbis.

181 1506 319 1559 Tum
358 1525 487 1561 uero
527 1510 589 1560 ut
628 1509 815 1577 cuique
856 1512 938 1561 est
977 1509 1188 1561 animus
1228 1509 1498 1578 uiresque,
1535 1510 1742 1578 rapinis
1786 1524 1874 1563 615

299 1626 386 1667 599
417 1623 480 1668 Et
508 1623 603 1667 iam
635 1628 684 1666 c:
732 1622 891 1668 Etiam
921 1627 1001 1670 ,Ης
1048 1623 1166 1676 Quin
1202 1624 1345 1668 etiam
1377 1625 1499 1668 Itali
1538 1624 1668 1669 Haec
1700 1626 1749 1669 et
1776 1624 1873 1669 iam

181 1681 357 1729 Mum-o
407 1683 414 1738 Ι
463 1682 594 1729 mille
625 1682 888 1739 Hauptius:
920 1682 1005 1727 illa
1037 1686 1067 1725 0
1110 1685 1118 1738 Ι
1160 1697 1224 1727 an
1255 1695 1485 1739 curaeque
1516 1682 1541 1727 .9
1585 1685 1591 1739 Ι
1633 1686 1874 1728 morantur

179 1740 317 1788 Itali:
351 1742 590 1786 moranter
612 1746 642 1784 0
672 1743 934 1786 morantem
964 1745 1043 1788 Ης
1066 1742 1082 1797 ΙΙ
1107 1746 1193 1786 600
1224 1741 1436 1787 misenda
1465 1745 1509 1786 Η
1530 1756 1588 1787 m.
1611 1746 1638 1786 1
1668 1746 1675 1798 Ι
1700 1744 1871 1798 putans

178 1799 304 1847 terra
334 1799 430 1845 ruis
453 1813 599 1855 usque
627 1800 836 1856 marique
860 1801 1046 1857 scripsi:
1078 1801 1218 1856 putas
1242 1802 1369 1846 terra
1393 1803 1512 1857 (—rae
1538 1803 1582 1857 ς)
1614 1801 1874 1858 dubiusque

178 1857 412 1914 marisque
439 1862 470 1901 0
502 1860 655 1904 terrae
687 1858 914 1903 dubiusne
943 1858 1145 1905 marisue
1177 1860 1381 1904 Iacobus
1408 1859 1621 1916 marique
1655 1860 1835 1906 Mum-o
1860 1862 1874 1919 ΙΙ

182 1921 266 1961 601
298 1918 468 1963 natura
498 1923 528 1964 0
550 1918 567 1974 ΙΙ
590 1922 674 1963 602
708 1918 780 1962 Tu
811 1917 1050 1964 Gorallus:
1084 1917 1201 1964 Cum
1231 1923 1262 1962 0
1295 1919 1419 1963 Nam
1452 1919 1631 1964 Munro
1665 1921 1674 1973 Ι
1707 1918 1872 1976 opibus

177 1976 978 2092 ἱῗῖρῶἱέἒαῖἓῖζθὲἓὲεὲἒᾞίἕὲἕε
1001 1981 1094 2080 ἵζ’ἰέ·
1120 1977 1619 2093 Ξγῖῗὲεῗὸἰῖἰῗὲἐῑῖἒῖ
1644 1982 1675 2084 ἓ
1699 1979 1874 2082 ἐξῗξὲἓ

177 2092 261 2138 ubi
291 2093 425 2141 sirius
448 2098 492 2141 Ε
517 2093 525 2152 Ι
551 2094 686 2140 ardet
716 2100 766 2139 c:
799 2095 967 2140 ardens
998 2099 1077 2142 Ης
1099 2097 1115 2150 ΙΙ
1139 2099 1224 2140 605
1258 2109 1402 2152 quam
1433 2109 1525 2151 quo
1557 2109 1664 2139 sons
1686 2097 1872 2152 scripsi:

180 2165 467 2208 quamquam
505 2154 709 2209 (quamq.
750 2155 809 2210 Η)
866 2167 963 2198 sors
1002 2158 1034 2199 0
1090 2167 1375 2210 quamquam
1413 2168 1521 2199 sons
1561 2153 1608 2200 Ο.
1646 2153 1875 2200 Bar-thius

182 2224 324 2267 quam
355 2210 479 2257 sonti
511 2212 702 2269 Maehly
733 2226 875 2268 quam
907 2212 989 2268 qm·
1021 2226 1128 2258 sons
1159 2212 1400 2270 Sauppius
1448 2213 1456 2268 Ι
1503 2213 1605 2270 igni
1636 2214 1707 2258 est
1738 2214 1874 2258 Iaco-

180 2269 264 2314 bus
295 2269 460 2326 (igniet
491 2270 710 2328 Munro):
756 2270 879 2328 ignis
912 2275 943 2314 0
989 2272 1005 2328 ΙΙ
1053 2275 1137 2317 606
1170 2272 1406 2327 quondam
1437 2277 1487 2315 c:
1537 2271 1722 2328 quando
1757 2276 1836 2319 Ης
1858 2272 1875 2331 ΙΙ

179 2333 265 2372 607
296 2328 440 2373 uelud
470 2332 512 2375 11
539 2330 546 2386 Ι
574 2343 760 2379 euersus
789 2334 831 2376 Η
860 2344 918 2374 m.
950 2334 976 2375 1
1014 2332 1021 2386 Ι
1055 2329 1219 2386 ingens
1251 2330 1480 2387 Scaliyer:
1518 2329 1654 2388 ignes
1685 2335 1715 2373 0
1751 2331 1874 2387 ignis

179 2387 390 2436 addant.
415 2388 431 2444 ΙΙ
455 2391 541 2434 608
565 2388 743 2435 Euecta
767 2394 815 2432 c:
849 2389 911 2435 Et
933 2391 1071 2434 uecta
1094 2393 1173 2436 Ης
1201 2391 1207 2444 Ι
1235 2391 1307 2434 est
1329 2391 1511 2446 scripsi:
1544 2390 1595 2434 in
1618 2393 1649 2432 0
1681 2403 1703 2434 e
1724 2391 1875 2446 glossa

179 2446 303 2501 (post
331 2446 527 2504 longum
559 2448 756 2505 Munro,
787 2452 897 2504 post
926 2447 1051 2492 unda
1079 2449 1219 2505 uulqo
1265 2450 1337 2494 est
1364 2449 1610 2504 inseruere)
1652 2449 1660 2504 Ι
1700 2449 1875 2493 rabidis

179 2517 278 2561 eqo:
309 2505 481 2562 lapidis
515 2510 546 2550 0
578 2506 756 2564 rapidis
785 2507 906 2552 Itali
926 2508 943 2563 ΙΙ
967 2511 1053 2552 609
1085 2507 1294 2564 fulgorat
1315 2511 1357 2551 11
1379 2508 1396 2564 ΙΙ
1420 2512 1506 2552 610
1536 2508 1694 2564 torpet
1724 2507 1873 2552 Scali-

178 2576 277 2619 9er:
306 2564 497 2619 torquet
528 2569 559 2607 0
590 2566 607 2623 ΙΙ
637 2571 722 2610 611
755 2565 896 2623 agris,
927 2567 996 2610 ita
1028 2570 1059 2608 0
1095 2570 1102 2618 Ι
1138 2566 1253 2611 ditia
1282 2567 1468 2623 scripsi:
1499 2566 1652 2611 millia
1682 2571 1711 2609 0
1741 2566 1875 2612 milia

179 2624 259 2668 Εἰς
289 2622 452 2667 mollia
483 2624 604 2671 Itali
637 2623 772 2670 mitia
802 2625 1026 2670 Heinsius
1048 2625 1064 2681 ΙΙ
1089 2629 1174 2670 612
1208 2625 1423 2672 domibus
1447 2625 1692 2670 Heinsius:
1725 2625 1872 2670 domi-

178 2680 251 2724 nis
287 2684 318 2723 0
350 2681 503 2737 pomis
534 2683 779 2740 Hawptius
812 2685 819 2742 Ι
852 2684 1057 2729 uirentes
1088 2684 1228 2730 Itali:
1260 2684 1476 2729 uirebant
1506 2687 1585 2731 Ης
1614 2683 1814 2728 urebant
1844 2689 1873 2727 0

178 2738 411 2789 rubebant
443 2740 623 2789 Munro
653 2743 670 2798 ΙΙ
701 2747 787 2789 613
817 2743 1005 2788 nouisse
1037 2748 1065 2786 0
1093 2744 1099 2798 Ι
1126 2743 1420 2788 tremendum
1451 2743 1672 2788 Iacobus:
1703 2744 1872 2787 treme-

180 2797 294 2864 bant
317 2802 349 2841 0
372 2799 388 2855 ΙΙ
413 2803 499 2843 614
525 2799 690 2846 Eciam
712 2805 759 2847 Ε
782 2804 788 2857 Ι
815 2803 1052 2847 inuaserat
1075 2801 1301 2859 Scaliyer:
1334 2803 1548 2847 euaserat
1571 2805 1602 2844 0
1626 2802 1643 2858 ΙΙ
1666 2805 1751 2845 615
1777 2801 1873 2846 ani-

179 2870 268 2900 ms
299 2861 341 2900 Η
368 2859 374 2914 Ι
401 2857 617 2914 uiresque
647 2860 825 2917 rapinis
853 2865 912 2905 H:
948 2861 1181 2908 uirescera
1210 2861 1350 2918 pinae
1375 2866 1404 2904 0
1435 2860 1648 2916 uiresque
1679 2860 1872 2917 rapinae

180 2927 208 2962 ς
238 2916 405 2972 rapina.
434 2917 574 2974 uulqo
