1992 3238
187 177 294 230 134
582 176 704 220 XVI.
740 174 1050 220 APPENDIX
1078 174 1473 220 VERGILIANA.

183 312 400 364 Reicere
441 314 495 363 et
532 309 855 362 indomitum
893 309 1093 362 uirtute
1131 309 1415 362 retundere
1454 308 1706 378 Martem,

182 385 522 452 Responsum
561 384 818 452 quoniam
857 383 987 436 satis
1027 385 1111 436 est
1147 382 1457 435 meminisse
1497 382 1730 435 deorum.
1797 415 1802 419 —

184 458 327 511 Nam
367 458 540 526 capite
573 457 640 509 ab
681 475 889 509 summo
929 457 1097 527 regis,
1135 456 1382 508 mirabile
1421 455 1588 525 dictu,
1786 469 1868 508 120

185 530 426 584 Candida
464 530 698 583 caesarie
737 530 1002 583 florebant
1039 533 1287 598 tempora
1325 547 1476 582 ramo

182 604 258 657 Et
294 622 479 657 roseus
519 603 694 657 medio
736 604 994 674 surgebat
1032 603 1230 656 uertice
1269 602 1453 672 crinis3

184 675 349 730 Cuius
390 695 551 746 quam
590 680 804 730 seruata
843 677 933 729 diu
971 679 1165 729 natura
1202 676 1414 740 fuisset,

183 750 319 803 Tam
357 751 590 819 patriam
628 751 950 804 incolumem
987 749 1110 803 Nisi
1147 766 1478 818 regnumque
1517 750 1755 802 futurum

185 822 487 877 Concordes
528 825 710 877 stabili
749 824 1032 876 firmarant
1068 823 1287 875 numine
1327 841 1537 890 parcae.
1785 836 1867 875 125

182 896 332 968 Ergo
373 899 550 951 omnis
590 916 713 950 caro
754 897 1023 949 residebat
1062 914 1188 948 cura
1227 896 1442 964 capillo,

182 971 365 1024 Aurea
407 972 653 1024 sollemni
695 972 966 1038 comptum
1007 988 1164 1038 quem
1202 969 1371 1021 fibula
1408 970 1518 1022 ritu

185 1043 472 1113 Cecropiae
510 1044 668 1096 tereti
705 1044 958 1096 nectebat
996 1043 1150 1095 dente
1190 1043 1416 1095 cicadae.

257 1118 371 1170 Nec
411 1136 537 1170 uero
575 1118 708 1170 haec
748 1117 910 1170 crinis
953 1117 1197 1169 custodia
1237 1135 1376 1169 uana
1413 1116 1607 1170 fuisset

182 1191 391 1260 Nisaei‚
430 1192 487 1243 ni
527 1189 710 1259 Scylla
749 1209 892 1244 nouo
933 1193 1188 1259 conrepta
1226 1190 1427 1258 furore,
1787 1204 1870 1244 130

185 1262 391 1333 Scylla,
424 1265 594 1333 patris
619 1264 803 1317 miseri
826 1265 1136 1332 patriaeque
1160 1263 1383 1316 inuenta
1407 1263 1772 1332 sepulchrum,

187 1337 231 1390 O
270 1338 499 1390 nimium
540 1338 747 1407 cupidis
785 1337 971 1391 Minoa
1009 1337 1274 1390 inhiasset
1312 1337 1512 1390 ocellis,

186 1410 289 1464 Sed
328 1412 501 1465 malus
540 1412 633 1464 ille
673 1430 828 1481 puer,
868 1430 1026 1480 quem
1065 1429 1166 1464 nec
1205 1429 1302 1463 sua
1339 1411 1552 1463 flectere
1592 1414 1764 1463 mater

183 1484 389 1538 Iratum
428 1486 627 1554 potuit,
667 1504 826 1554 quem
865 1503 962 1538 nec
1001 1488 1156 1554 pater
1195 1487 1355 1553 atque
1395 1503 1526 1537 auus
1565 1484 1707 1537 idem

183 1558 448 1627 Iuppiter,
487 1559 576 1611 ille
617 1560 779 1612 etiam
818 1559 1029 1611 Poenos
1070 1559 1333 1611 domitare
1371 1559 1555 1612 leones
1790 1571 1873 1612 135

187 1747 373 1804 agmine
404 1751 445 1790 Η
475 1747 698 1792 uolitanti
728 1748 765 1792 85
797 1748 984 1805 agmine
1016 1751 1054 1790 A
1085 1747 1336 1791 uolitantes
1368 1745 1554 1803 agmine
1586 1753 1624 1791 B
1654 1747 1876 1792 uolitanti

187 1820 243 1849 ex
274 1807 460 1862 agmine
491 1811 524 1849 L
569 1807 585 1863 ΙΙ
635 1810 717 1850 118
750 1807 941 1851 Reicere
973 1807 1216 1850 Heinsius:
1243 1805 1426 1849 Dicere
1456 1810 1544 1849 ΗΒ
1588 1806 1767 1850 Ducere
1798 1810 1876 1849 AL

186 1863 385 1909 Vincere
417 1865 630 1922 Silliyius
658 1868 663 1921 Ι
693 1868 740 1910 et
769 1880 825 1910 m.
858 1871 883 1909 1
917 1867 970 1909 in
1000 1866 1146 1909 litura
1175 1870 1208 1907 L
1236 1867 1242 1919 1
1270 1863 1549 1908 indomitum
1583 1866 1769 1920 scripsi:
1807 1866 1876 1908 in-

189 1923 389 1967 domitas
423 1928 453 1966 0
500 1924 728 1968 indomita
767 1925 864 1970 edd.
905 1929 1000 1968 ant.
1053 1923 1060 1981 Ι
1109 1923 1308 1968 Martem
1339 1922 1584 1968 Heinsius:
1632 1925 1811 1968 mentes
1844 1928 1875 1966 0

185 1985 347 2039 gentes
379 1983 681 2028 Heinrichius
710 1984 726 2039 ΙΙ
759 1988 843 2027 120
875 1984 935 2028 ab
966 1987 1072 2025 AHz
1117 1997 1146 2027 a
1176 1987 1256 2025 LB.
1285 1983 1301 2039 ΙΙ
1335 1987 1416 2026 121
1451 1982 1692 2039 c(a)esarie
1723 1986 1874 2026 AHB:

187 2042 415 2086 caesaries
444 2046 477 2084 L
513 2044 518 2097 Ι
552 2042 835 2086 frendebant
861 2045 900 2085 R
927 2043 932 2097 1
959 2055 1091 2086 ramo
1121 2042 1305 2097 scripsi:
1338 2041 1470 2084 lauro
1503 2045 1534 2083 0
1565 2042 1581 2096 ΙΙ
1614 2046 1696 2085 122
1729 2042 1791 2085 Et
1822 2045 1875 2084 0:

185 2100 248 2143 At
278 2102 418 2157 uulyo
447 2102 463 2156 ΙΙ
497 2105 580 2145 123
614 2101 773 2158 quam]
806 2115 850 2156 q;
888 2114 1119 2157 suprascr.
1151 2105 1193 2144 et
1225 2114 1330 2144 cum
1369 2113 1455 2156 my.
1489 2103 1525 2143 A
1547 2101 1563 2156 ss
1590 2104 1674 2143 124
1704 2100 1795 2143 nisi
1827 2114 1875 2144 se

185 2162 228 2200 11
257 2158 356 2203 inse
388 2164 427 2202 R
463 2160 479 2216 ΙΙ
519 2165 603 2204 125
634 2160 874 2204 firmarant
904 2160 1140 2218 Heyrcius:
1171 2159 1416 2202 firmarunt
1447 2162 1477 2200 0
1510 2160 1624 2213 (-rut
1653 2160 1708 2214 R)
1750 2161 1756 2214 Ι
1794 2174 1877 2203 nu·

185 2217 314 2261 mina
343 2222 385 2260 H
414 2220 430 2274 ΙΙ
463 2223 547 2263 126
580 2232 685 2263 caro
718 2220 876 2275 uulyo:
915 2232 1029 2262 cano
1064 2222 1094 2260 0
1127 2219 1143 2274 ΙΙ
1174 2223 1258 2262 127
1292 2217 1519 2273 solempni
1550 2221 1639 2260 ΔΗ
1679 2218 1875 2262 solemni

185 2309 224 2348 B
251 2306 257 2360 Ι
285 2320 423 2361 quem
454 2306 663 2351 Loensis:
705 2287 748 2363 (Ξ.
782 2309 826 2363 (o
858 2320 915 2351 m.
948 2308 998 2362 2)
1030 2310 1072 2348 H
1103 2319 1286 2361 quoque
1317 2307 1482 2362 ALBss
1509 2309 1591 2349 128
1626 2305 1876 2362 Cecropiae

187 2363 413 2421 Scaliyer:
440 2364 658 2423 Corpsele
682 2369 719 2408 A
744 2365 981 2422 Corpselle
1005 2370 1047 2407 Η
1073 2363 1319 2421 Corpselae
1343 2369 1383 2407 R.
1411 2364 1612 2409 Corselle
1635 2369 1668 2406 L
1691 2365 1877 2421 Mopso-

186 2422 265 2479 pio
297 2424 394 2468 edd.
429 2429 523 2468 ant.
558 2425 784 2481 Crobylus
821 2426 868 2469 et
898 2424 1107 2478 Loensis;
1147 2424 1246 2468 alia
1279 2424 1520 2480 temptauit
1549 2423 1733 2468 Birtius
1763 2437 1874 2468 mus.

187 2481 331 2526 Rhen.
364 2483 562 2527 XXXIII
589 2498 636 2540 p.
671 2488 755 2528 655
773 2497 863 2540 sqq.
907 2487 914 2541 Ι
956 2484 1176 2528 nectebat
1207 2487 1259 2524 L:
1308 2483 1558 2527 nectebant
1587 2486 1675 2525 HR
1720 2485 1876 2527 necta-

187 2540 303 2584 bant
333 2545 370 2584 A
393 2542 407 2598 ΙΙ
434 2548 516 2587 129
550 2542 690 2586 crinis
721 2543 906 2599 scripsi:
938 2542 1072 2587 uobis
1104 2546 1135 2584 0
1175 2541 1298 2586 uotis
1329 2540 1534 2598 Scaliger
1569 2541 1698 2585 urbis
1730 2542 1874 2585 Hein-

186 2600 286 2643 sius
315 2601 518 2644 uolucris
542 2602 726 2646 Birtius
749 2604 765 2659 ΙΙ
791 2607 874 2646 130
906 2601 1066 2646 Nisaei
1088 2601 1253 2657 scripsi
1268 2604 1517 2656 praeeunte
1539 2600 1744 2658 Heynio:
1777 2600 1876 2644 Nec

190 2657 305 2713 (Hec
335 2662 394 2711 Η)
426 2659 578 2703 fuerat
609 2664 662 2716 0,
700 2661 821 2717 quod
851 2661 1176 2716 interpolatum
1207 2663 1271 2703 est
1299 2660 1382 2704 ubi
1411 2658 1528 2703 nisei
1558 2663 1663 2703 ante
1693 2658 1878 2703 niscilla

100 2728 106 2731 ’
182 2718 348 2773 periit3
372 2717 594 2762 Defuerat
618 2719 900 2764 Schraderus
929 2718 1175 2763 Profuerat
1198 2718 1439 2775 Hauptius
1462 2717 1506 2761 Ν
1509 2731 1560 2762 ec
1583 2718 1742 2761 ruerat
1764 2717 1876 2762 Rib-

190 2776 369 2820 beckius
390 2776 489 2821 Nec
512 2777 686 2821 frustra
701 2779 885 2822 Birtius
911 2779 919 2835 1
945 2777 995 2821 ni
1018 2781 1080 2820 H:
1106 2778 1156 2821 in
1178 2782 1217 2819 B.
1239 2777 1331 2820 nisi
1353 2780 1432 2819 AL
1459 2778 1465 2832 Ι
1494 2777 1708 2832 correpta
1729 2777 1874 2821 Locri-

187 2835 271 2878 sis:
299 2837 524 2892 concepta
549 2840 579 2878 0
603 2837 619 2892 ΙΙ
646 2841 727 2880 132
753 2837 911 2881 Minoa
933 2837 1260 2881 Lachmannus
1282 2836 1345 2881 ad
1368 2835 1508 2880 Lucr.
1530 2849 1578 2891 p.
1604 2840 1687 2879 162
1714 2835 1877 2892 (Minoi

191 2892 441 2939 Schradero
465 2897 752 2952 praeeunte):
786 2895 826 2939 si
855 2909 948 2940 non
977 2900 1008 2938 0
1037 2896 1043 2951 Ι
1069 2895 1309 2951 inhyasset
1330 2898 1372 2937 11
1394 2896 1410 2951 11
1436 2898 1518 2939 135
1552 2893 1700 2939 eciam
1729 2894 1810 2938 ille
1834 2898 1876 2936 11
