1992 3238
811 206 845 252 I.
885 207 1098 252 CVLEX.
1729 210 1794 262 71

120 345 191 397 Et
230 362 348 397 mea
386 342 606 395 diffusas
645 340 923 410 rapientur
962 340 1105 395 dicta
1142 362 1237 411 per
1275 347 1452 398 auras!
1713 358 1798 399 383

119 417 433 488 Disgredior
470 432 762 483 numquam
802 413 1124 467 moniturus:
1163 419 1223 468 tu
1263 418 1374 470 cole
1413 418 1578 472 fontis
1712 432 1795 472 381

118 491 194 544 Et
230 490 414 544 uiridis
453 506 730 541 nemorum
771 486 935 539 siluas
976 489 1030 540 et
1067 506 1267 557 pascua
1303 491 1511 545 laetus?
1712 505 1797 546 382

118 564 272 617 Dixit
309 567 360 616 et
400 565 634 616 extrema
670 560 844 613 tristis
884 579 1004 613 cum
1042 580 1173 614 uoce
1211 565 1444 617 recessit.
1714 578 1800 619 384

192 638 349 690 Hunc
386 636 481 689 ubi
521 634 810 688 sollicitum
849 634 1052 687 dimisit
1087 635 1282 688 inertia
1320 638 1466 690 uitae
1713 651 1798 692 385

117 711 350 764 Interius
390 709 628 779 grauiter
664 711 1028 778 regementem
1069 707 1189 779 (nec
1227 709 1355 762 tulit
1391 712 1535 763 ultra

118 783 372 838 Sensibus
410 782 648 835 infusum
686 782 869 835 culicis
909 781 973 835 de
1011 785 1185 835 morte
1224 782 1511 853 dolorem),

118 858 620 926 Quantumcumque
659 855 764 908 sibi
801 855 942 908 uires
981 856 1217 908 tribuere
1257 857 1452 909 seniles

118 930 275 1002 (Quis
314 933 498 983 tamen
533 929 790 982 infestum
827 945 1076 998 pugnans
1117 930 1387 983 deuicerat
1424 929 1685 1001 hostem),

115 1005 314 1058 Riuum
353 1006 575 1073 propter
614 1020 784 1071 aquae
822 1002 985 1056 uiridi
1023 1003 1119 1056 sub
1158 1003 1350 1057 fronde
1388 1004 1645 1057 latentem
1714 1019 1800 1059 390

118 1077 466 1132 Conformare
505 1077 683 1129 locum
722 1076 866 1145 capit
903 1077 1128 1146 inpiger.
1181 1077 1322 1130 hunc
1362 1081 1416 1131 et
1453 1078 1511 1130 in
1551 1079 1735 1132 orbem

115 1152 371 1205 Destinat
410 1169 472 1204 ac
512 1150 640 1202 ferri
680 1150 931 1219 capulum
968 1151 1220 1219 repetiuit
1256 1151 1315 1203 in
1353 1170 1532 1219 usum,

94 1225 460 1279 f-Gramineam
497 1226 558 1276 ut
595 1223 756 1275 uiridi
792 1223 999 1277 foderet
1037 1224 1100 1276 de
1140 1226 1374 1293 caespite
1412 1227 1635 1278 terram:

116 1299 236 1352 Iam
272 1316 479 1351 memor
516 1298 786 1366 inceptum
824 1315 1088 1368 peragens
1130 1298 1234 1350 sibi
1272 1316 1399 1351 cura
1437 1299 1681 1352 laborem

117 1372 448 1441 Congestum
488 1371 785 1423 cumulauit
823 1390 957 1440 opus
967 1414 981 1439 ‚
1022 1374 1180 1441 atque
1221 1389 1416 1441 aggere
1455 1374 1624 1425 multo
1714 1386 1800 1427 395

117 1445 347 1499 Telluris
386 1445 624 1497 tumulus
666 1444 956 1498 formatum
996 1445 1165 1497 creuit
1202 1445 1259 1497 in
1299 1446 1499 1499 orbem.

117 1519 286 1583 Quem
325 1518 524 1571 circum
561 1517 791 1586 lapidem
829 1519 938 1571 leui
977 1519 1040 1570 de
1078 1537 1344 1571 marmore
1381 1519 1624 1572 formans

116 1592 391 1661 Conserit,
430 1591 674 1644 assiduae
714 1609 871 1645 curae
909 1610 1129 1647 memor.
1190 1591 1279 1644 hic
1319 1595 1373 1644 et
1412 1593 1668 1646 acanthos

114 1667 191 1720 Et
227 1685 352 1720 rosa
390 1683 720 1734 purpureum
759 1666 941 1719 celans
979 1665 1293 1735 pudibunda
1331 1666 1581 1719 ruborem

114 1741 189 1794 Et
219 1740 398 1793 uiolae
430 1755 599 1808 genus
631 1757 810 1809 omne,
839 1740 928 1792 hic
960 1742 1044 1792 est
1074 1742 1128 1792 et
1157 1739 1412 1793 Parthica
1444 1743 1653 1809 myrtus
1716 1753 1803 1794 400

235 1878 321 1918 383
355 1877 460 1916 aute
490 1874 577 1914 380
600 1871 761 1926 posuit
791 1870 997 1927 Scaliyer
1019 1871 1034 1926 ΙΙ
1058 1873 1143 1914 383
1175 1870 1418 1927 rapientur
1448 1870 1586 1913 idem:
1619 1869 1804 1926 rapiun-

119 1934 197 1976 tur
229 1936 259 1974 0
290 1933 306 1988 ΙΙ
338 1935 421 1975 381
455 1929 610 1986 Disgr.
641 1933 698 1973 V:
731 1929 859 1986 Digr.
893 1930 1025 1973 ceteri
1055 1930 1064 1984 1
1098 1929 1357 1973 moniturus
1387 1929 1571 1984 scripsi:
1611 1928 1803 1972 moritu-

116 2006 195 2035 rus
226 1994 263 2033 V
294 1990 527 2034 rediturus
556 1992 679 2031 Bon
714 1992 720 2046 Ι
754 1988 896 2033 fontis
926 1992 981 2032 B:
1013 1988 1165 2032 fontes
1197 1989 1330 2033 ceteri
1359 1989 1374 2043 ΙΙ
1406 1992 1491 2032 382
1524 1986 1698 2031 uirides
1729 1991 1767 2029 V
1795 1987 1802 2045 l

118 2049 247 2094 siluis
277 2053 319 2091 11
355 2063 412 2093 m.
445 2053 471 2092 1
515 2050 523 2102 1
564 2051 650 2092 385
691 2048 772 2092 ubi
805 2051 855 2090 0:
896 2045 1014 2091 mihi
1045 2051 1073 2088 c
1112 2046 1180 2091 ibi
1210 2047 1484 2092 Ribbeckius
1524 2047 1531 2101 Ι
1574 2045 1803 2090 sollicitae

115 2109 312 2154 Bothius
349 2109 365 2164 ΙΙ
403 2112 488 2151 386
520 2106 753 2151 Incercius
783 2110 826 2148 Η
860 2120 916 2150 m.
949 2110 974 2149 1
1015 2106 1031 2162 n
1069 2109 1155 2150 387
1188 2107 1400 2151 domorte
1431 2109 1473 2147 11
1511 2106 1527 2161 ΙΙ
1565 2108 1650 2149 388
1682 2104 1806 2149 uires

117 2169 208 2212 sibi
236 2172 275 2210 V
302 2169 308 2223 Ι
337 2171 421 2211 389
454 2168 612 2210 temen
642 2164 673 2210 i.
705 2178 887 2222 pugnas
910 2169 948 2206 V
970 2166 986 2221 ΙΙ
1010 2170 1095 2209 390
1126 2167 1317 2222 propter
1348 2167 1441 2206 CV:
1475 2164 1662 2220 practer
1685 2167 1769 2207 BH
1792 2164 1805 2219 ξζ

116 2226 268 2271 fronte
309 2230 338 2267 c
379 2227 418 2282 (t
449 2225 478 2269 d
508 2239 653 2281 supra
682 2225 745 2281 t),
784 2228 826 2266 Η
864 2238 920 2269 m.
953 2227 979 2268 1
1026 2225 1042 2281 ΙΙ
1088 2229 1172 2268 391
1215 2223 1343 2279 cepit
1380 2227 1441 2277 113
1482 2222 1649 2279 incipit
1688 2223 1803 2267 coni.

118 2285 392 2330 Ribbeckius
433 2286 440 2338 Ι
481 2282 576 2341 inp.
608 2287 667 2328 V:
706 2282 818 2340 imp.
852 2284 986 2328 ceteri
1027 2287 1033 2337 Ι
1074 2282 1125 2326 in
1155 2297 1240 2329 om.
1270 2286 1307 2325 V
1351 2283 1367 2338 ΙΙ
1415 2287 1501 2326 392
1533 2280 1741 2325 Distinat
1770 2284 1804 2322 B

117 2358 174 2388 m.
206 2348 232 2387 1
263 2345 268 2399 1
295 2342 396 2387 fieri
425 2346 467 2384 Η
494 2345 500 2396 Ι
529 2342 655 2386 acuti
684 2342 908 2386 Heinsius
931 2344 946 2400 ΙΙ
970 2347 1056 2386 393
1086 2344 1141 2386 ut
1162 2342 1381 2386 Bembus:
1414 2354 1497 2384 om.
1532 2344 1562 2381 0
1590 2342 1597 2392 Ι
1624 2339 1805 2384 fodiens

118 2407 159 2446 11
187 2404 193 2458 Ι
222 2401 397 2458 cespite
423 2405 454 2443 0
487 2402 599 2456 (uisi
628 2402 748 2456 quod
776 2402 830 2445 in
858 2405 892 2443 B
926 2416 946 2444 s
978 2415 1034 2446 ex
1063 2416 1094 2457 p
1128 2404 1326 2445 correcta
1356 2400 1555 2453 uidetur)
1579 2398 1596 2455 11
1620 2403 1706 2442 394
1736 2397 1805 2442 in-

118 2463 335 2518 coeptum
368 2465 396 2502 c
436 2460 452 2515 ΙΙ
498 2464 584 2504 395
617 2458 883 2504 Coniestum
911 2464 954 2502 11
995 2462 1001 2517 1
1044 2473 1182 2516 agere
1212 2463 1254 2501 Η
1291 2473 1347 2503 m.
1380 2462 1431 2513 1,
1461 2461 1498 2499 V
1536 2458 1552 2514 ΙΙ
1587 2461 1690 2513 post
1719 2461 1805 2502 396

118 2535 197 2568 uu.
230 2525 316 2564 392
348 2533 411 2575 sq.
443 2519 604 2574 repetit
633 2522 670 2560 V
693 2520 817 2574 11397
848 2519 1060 2576 lapidum
1085 2522 1123 2560 V
1146 2519 1162 2574 ΙΙ
1184 2523 1269 2562 398
1304 2516 1514 2573 congerit
1544 2516 1767 2560 Heinsius
1795 2515 1799 2572 Ι

119 2580 302 2638 assidue
333 2582 389 2621 B:
421 2577 604 2622 assidue
635 2578 769 2621 ceteri
794 2579 801 2633 Ι
828 2578 1050 2622 achantos
1080 2581 1223 2631 Bon,
1256 2577 1350 2620 nisi
1379 2576 1500 2632 quod
1529 2579 1562 2617 B
1595 2575 1627 2618 h
1658 2588 1806 2631 supra

117 2641 140 2683 t
169 2653 225 2683 m.
251 2639 365 2692 ead„
389 2637 616 2680 achantus
639 2639 677 2677 V
699 2637 715 2693 ΙΙ
738 2641 823 2680 399
848 2650 1082 2693 purpureo
1108 2636 1139 2678 ς
1165 2637 1172 2691 l
1201 2635 1356 2679 celans
1379 2635 1562 2690 scripsi:
1597 2635 1806 2678 crescent

121 2702 152 2740 0
184 2696 368 2753 (crescit
389 2697 448 2751 H)
481 2708 689 2739 crescens
723 2695 755 2738 ς’
781 2697 787 2750 Ι
814 2695 1086 2750 pudibunda
1108 2697 1164 2736 V:
1197 2692 1463 2737 rubibunda
1484 2697 1518 2735 B
1549 2692 1806 2737 rubicunda

119 2760 198 2799 cn
233 2759 240 2813 1
272 2756 488 2799 ruborem
519 2757 575 2796 V:
615 2757 840 2798 terrorem
872 2756 944 2808 (m.
976 2767 1060 2798 rec.
1101 2766 1329 2809 suprascr.
1361 2752 1567 2806 l'colore)
1599 2756 1632 2794 B
1670 2753 1802 2795 teno-

118 2829 217 2859 rem
248 2819 290 2856 11
319 2828 403 2871 per
434 2813 592 2857 orbem
618 2817 646 2854 c
678 2812 844 2856 rubore
876 2812 1177 2867 Wakefieldus
1199 2813 1215 2869 ΙΙ
1238 2815 1325 2856 400
1357 2824 1502 2868 genus
1536 2824 1671 2854 omne
1703 2810 1800 2854 edd.

121 2878 236 2918 aut:
277 2885 411 2917 omne
450 2886 594 2928 genus
626 2875 657 2914 0
708 2873 715 2927 Ι
764 2871 978 2928 parthica
1017 2871 1068 2915 ςε
1106 2870 1290 2928 partica
1327 2874 1365 2912 V
1403 2869 1605 2927 spartica
1642 2868 1800 2924 130Ηῆ

119 2932 284 2977 mirtus
316 2934 439 2974 CEV
