1992 3238
157 199 197 253 6
767 197 890 243 xv1.
927 195 1239 243 ΑΡΡΕΝΒΙΧ

157 333 364 404 Copam
396 332 634 385 Aetnam
666 331 817 386 Cirin.
845 332 1075 403 Priapea
1098 332 1513 404 Epi-grammata
1545 333 1659 387 siue
1691 333 1848 388 Cata-

155 405 328 477 lepta)
355 406 653 460 continens.
690 406 745 459 id
770 407 1042 476 exemplar
1066 407 1231 476 (quod
1249 406 1352 459 etsi
1368 407 1594 460 minime
1617 408 1846 461 liberum

158 484 274 533 erat
313 498 345 532 a
384 479 710 549 corruptelis
747 498 811 533 ea
847 483 1032 533 tamen
1071 480 1367 533 excellebat
1401 481 1646 534 bonitate
1684 484 1760 550 ut,
1799 482 1846 534 si

158 555 462 623 superesset
497 555 705 622 totum,
738 553 874 606 bene
906 571 962 607 se
1000 554 1227 606 haberet
1254 571 1340 606 res
1378 552 1593 625 critica)
1629 555 1850 608 ineunte

155 627 332 679 medio
373 643 507 680 aeuo
546 627 603 680 in
642 627 775 680 duas
813 630 997 696 partes
1042 628 1120 680 ita
1158 627 1442 681 discissum
1479 630 1563 680 est
1600 631 1662 680 ut
1699 629 1853 697 prior

158 699 397 753 Culicem
428 699 588 754 Diras
619 699 826 770 Copam
855 700 1092 753 Aetnam
1126 697 1206 770 (et
1235 719 1335 754 cur
1351 701 1586 753 Aetnam
1618 719 1851 771 carmen,

157 774 301 844 quod
330 774 620 843 posteriori
649 775 795 843 parti
821 774 1072 827 attribuit
1094 773 1445 843 Ribbeckius,
1472 775 1642 843 priori
1665 776 1853 843 potius

155 847 543 901 uindicauerim
589 866 715 901 mox
763 847 992 901 dilucide
1041 845 1376 918 apparebit),
1421 847 1594 900 altera
1638 849 1851 918 reliqua

154 924 409 991 poemata
455 922 942 990 comprehenderet.
1011 920 1096 974 his
1143 921 1350 974 duabus
1404 921 1651 989 partibus
1699 922 1853 975 uarie

157 995 430 1048 consu-luit
467 995 708 1065 fortuna3
748 1012 875 1048 nam
914 1013 1035 1048 cum
1073 996 1341 1064 posterior
1370 995 1479 1048 nisi
1511 1013 1544 1047 a
1576 996 1847 1048 consuetis

155 1086 292 1137 quas
333 1070 548 1138 tempus
588 1069 907 1139 adspergere
947 1070 1086 1122 solet
1123 1069 1347 1122 maculis
1385 1082 1499 1122 non
1545 1068 1856 1122 deformata

156 1142 227 1194 ad
262 1159 363 1196 nos
411 1142 743 1211 peruenerit,
785 1142 984 1210 prioris
1019 1159 1131 1194 non
1175 1142 1258 1195 ita
1302 1143 1484 1211 quieta
1529 1142 1677 1195 fuere
1715 1142 1846 1196 fata.

157 1215 250 1268 sed
287 1215 421 1268 haec
461 1215 642 1268 omnia
673 1215 973 1268 accuratius
1014 1215 1459 1269 demonstraturis
1492 1216 1652 1270 nobis
1687 1234 1849 1287 agen-

156 1289 283 1341 dum
322 1292 405 1341 est
444 1288 509 1340 de
549 1286 771 1342 diuersis
810 1288 1073 1341 librorum
1111 1306 1238 1341 mss.
1275 1289 1515 1344 familiis

527 1404 616 1458 De
662 1405 870 1476 prima
915 1405 1206 1465 codicum
1253 1406 1476 1460 classe.

303 1508 499 1562 Primis
552 1507 717 1562 medii
771 1508 889 1562 aeui
946 1510 1178 1562 saeculis·
1225 1509 1399 1578 partis
1452 1509 1601 1562 iIlius
1653 1510 1855 1579 prioris-

156 1583 397 1636 carmina
425 1583 691 1636 nonnulla
727 1582 1057 1652 transcripta
1089 1585 1214 1636 sunt
1253 1584 1326 1636 ab
1362 1583 1671 1637 hominibus
1709 1585 1849 1654 peri-

154 1657 230 1710 tis
265 1656 665 1727 religiosisque,
704 1656 897 1726 quibus
937 1656 1192 1710 debemus
1231 1659 1294 1709 ut
1331 1655 1530 1710 Culicis
1571 1661 1626 1711 et
1664 1656 1848 1728 Copae

155 1729 332 1783 libelli
369 1730 488 1795 toti,
527 1729 710 1783 Aetna
740 1732 919 1783 autem
953 1748 1018 1783 ex
1054 1733 1207 1799 parte
1239 1731 1423 1783 saltim
1452 1748 1595 1785 nunc
1631 1732 1690 1784 in
1722 1749 1853 1785 con-

156 1803 366 1857 dicione
398 1806 687 1857 uersentur·
711 1821 825 1857 non
854 1805 1019 1857 nimis
1045 1804 1270 1858 abiecta.
1317 1807 1373 1857 et
1406 1807 1598 1858 octauo
1632 1805 1848 1875 quidem

157 1877 399 1947 saeculo,
434 1881 700 1947 quantum
735 1878 794 1930 in
831 1894 893 1931 re
927 1879 1135 1931 incerta
1173 1879 1476 1932 coniectare
1513 1879 1664 1948 licet,
1699 1879 1854 1933 illinc

157 1951 391 2004 Aetnam
432 1952 668 2020 sumpsit

305 2023 367 2094 G,
409 2023 687 2083 Claudiani
718 2024 884 2078 codex
909 2024 1239 2095 Gyraldinus
1265 2026 1378 2078 siue
1401 2025 1658 2078 Lucensis
1687 2026 1852 2093 plane

157 2097 1851 2243 smegma?azmuzffiuzaass

158 2244 455 2299 Claudiano
488 2246 731 2315 subiecit,
761 2246 889 2316 quia
917 2246 1007 2299 hic
1037 2247 1172 2300 locis
1201 2246 1477 2299 nonnullis
1501 2246 1737 2299 Aetnam
1770 2249 1850 2299 at-

155 2319 337 2389 tingit.
392 2319 456 2372 de
496 2337 604 2390 quo
635 2319 815 2373 codice
847 2319 1147 2389 Gyraldino
1185 2321 1412 2373 lectores
1443 2320 1747 2390 relegamus
1780 2320 1849 2372 ad

155 2392 417 2447 Ludouici
455 2392 492 2446 J
494 2394 634 2462 eepii
683 2391 1077 2463 disputationes
1121 2395 1180 2447 in
1223 2393 1508 2446 Ritschelii
1557 2394 1692 2446 actis
1741 2411 1848 2446 soc.

155 2466 291 2535 phil.
336 2465 638 2536 Lipsiensis
673 2467 701 2520 I
746 2485 798 2536 p.
839 2467 949 2521 354
995 2471 1049 2521 et
1093 2466 1446 2537 praefationis
1494 2467 1565 2520 ad⁴
1601 2466 1847 2520 Claudia-

156 2556 288 2592 num
316 2539 344 2592 Ι
374 2559 426 2609 p.
449 2539 606 2593 XXX
632 2557 744 2610 sqq.
800 2540 1069 2610 Gyraldus
1107 2542 1224 2611 ipse
1261 2542 1391 2594 inde·
1426 2544 1606 2594 totum
1636 2539 1850 2594 Aetnae

159 2628 375 2668 carmen
398 2613 774 2683 descripserat3
800 2614 870 2668 cf.
884 2615 999 2669 eius
1023 2615 1227 2685 dialogi
1251 2615 1316 2668 de
1340 2615 1526 2668 latinis
1549 2614 1730 2684 poetis
1743 2613 1847 2667 IV:

158 2686 363 2740 ‘exstat
400 2687 530 2740 item
568 2706 765 2757 poema
807 2689 871 2741 de
909 2687 1090 2742 Aetna
1127 2692 1336 2759 monte,
1378 2719 1439 2727 —
1489 2718 1553 2725 —
1605 2706 1670 2740 ex
1710 2688 1850 2741 anti-

159 2760 418 2829 quissimo
458 2763 600 2814 certe
640 2765 696 2814 et
740 2763 1010 2832 castigato
1060 2762 1265 2832 codice,
1309 2762 1400 2832 qui
1437 2761 1714 2814 Francisci
1752 2761 1853 2814 Pe·

156 2834 405 2887 trai-chae
446 2834 611 2888 fuisse
652 2835 905 2904 creditur-3
945 2836 1080 2890 illud
1111 2852 1212 2906 ego
1251 2837 1367 2905 ipse
1399 2835 1701 2904 exscripsi'.
1745 2835 1853 2888 hoe

159 2907 516 2978 apographon
561 2904 730 2979 (quod
770 2910 816 2962 si
853 2908 1196 2981 haberemus,
1240 2909 1399 2980 plane
1436 2926 1638 2962 nouam
1675 2909 1850 2962 lucem
