1992 3238
960 673 1054 727 IV.

802 793 1212 854 AETNA.

250 1044 426 1095 Aetna
466 1042 600 1095 mihi
638 1042 885 1110 ruptique
926 1041 1072 1094 cauis
1110 1039 1418 1092 fornacibus
1457 1038 1608 1108 ignes

179 1116 254 1170 Et
291 1133 425 1185 quae
464 1118 576 1167 tam
614 1114 781 1168 fortes
820 1115 1045 1167 uoluant
1082 1112 1328 1166 incendia
1367 1130 1583 1180 causae,

179 1190 316 1252 Quid
355 1191 564 1257 premat
601 1188 846 1256 imperi0‚
885 1187 1012 1256 quid
1051 1204 1239 1240 raucos
1279 1188 1527 1255 torqueat
1567 1187 1772 1252 aestuS,

179 1261 409 1315 Carmen
447 1261 559 1314 erit.
623 1261 805 1314 dexter
843 1261 1028 1313 uenias
1068 1259 1222 1328 mihi,
1261 1259 1513 1312 carminis
1553 1260 1761 1326 auctor,

174 1335 277 1389 Seu
315 1339 367 1388 te
406 1333 653 1387 Xanthos
691 1335 855 1387 habet
893 1353 985 1387 seu
1025 1333 1191 1387 Delos
1233 1332 1440 1401 gratior
1479 1332 1573 1384 illa
1830 1343 1857 1384 5

178 1408 300 1463 Siue
339 1408 439 1461 tibi
476 1407 695 1461 Rhodos
737 1411 820 1461 est
856 1409 1057 1477 potior3
1097 1411 1377 1475 tecumque
1416 1406 1663 1459 fauentes

175 1482 240 1534 In
278 1499 422 1534 noua
459 1480 632 1534 Pierio
671 1484 962 1550 properent
1001 1500 1033 1534 a
1072 1481 1220 1534 fonte
1260 1497 1471 1532 sorores

174 1554 342 1608 Rura:
381 1573 476 1623 per
514 1555 789 1608 insolitum
827 1554 1046 1608 Phoebo
1086 1554 1214 1606 duce
1253 1553 1422 1606 tutius
1460 1553 1583 1605 itur.

250 1628 429 1681 Aurea
468 1629 638 1681 securi
677 1629 794 1697 quis
835 1629 1006 1681 nescit
1045 1628 1257 1681 saecula
1294 1627 1473 1697 regni,

176 1700 311 1755 Cum
350 1701 564 1755 domitis
603 1720 760 1754 nemo
802 1700 1046 1755 Cererem
1084 1702 1308 1754 iactaret
1346 1700 1405 1753 in
1444 1699 1589 1752 aruis
1803 1713 1857 1753 10

296 1890 368 1933 De
409 1890 533 1933 codd.
573 1889 629 1942 cf.
661 1902 711 1945 p.
747 1894 825 1944 213
868 1891 931 1934 .P.
968 1889 1156 1947 Virgilii
1186 1888 1390 1934 Maronis
1421 1889 1608 1933 Aethna
1636 1887 1805 1945 incipit
1835 1892 1864 1930 c

182 1949 230 1992 P.
284 1946 446 1992 Maron
501 1948 615 2005 Vir}
667 1947 852 1993 Aehtna
899 1954 924 1991 s
979 1950 1080 2006 (litt.
1135 1949 1321 1993 mai-asc.
1373 1950 1574 2004 uterque)
1629 1947 1697 1991 De
1752 1948 1863 1991 etna

182 2008 339 2051 monte
370 2010 412 2049 Η
440 2008 455 2063 ΙΙ
491 2012 512 2050 1
545 2007 728 2052 Aethna
761 2012 825 2050 cs
857 2021 1025 2064 semper
1055 2006 1178 2052 Etna
1207 2011 1249 2049 11
1278 2020 1448 2063 semper
1479 2007 1615 2063 (quod
1645 2007 1739 2050 iam
1769 2018 1864 2050 non

182 2066 423 2122 adnotabo)
459 2067 464 2121 1
500 2065 648 2123 ruptis
681 2070 711 2122 ᾇ
742 2069 783 2108 H
817 2068 824 2123 Ι
858 2067 1029 2112 fornae.
1063 2080 1117 2111 ex
1146 2066 1307 2111 fornic.
1342 2079 1456 2110 corr.
1490 2070 1516 2107 8
1547 2065 1563 2121 ΙΙ
1593 2069 1619 2109 3
1654 2062 1776 2118 Quid
1807 2068 1858 2107 02

184 2123 315 2177 Quod
347 2124 468 2168 Itali
500 2125 508 2180 Ι
545 2127 723 2181 premat
752 2124 947 2181 imperio
978 2126 1145 2181 scripsi
1175 2126 1249 2180 (cf.
1282 2138 1326 2168 α.
1363 2125 1487 2179 198):
1518 2124 1690 2168 fremat
1718 2122 1862 2180 impe-

180 2182 301 2226 rium
333 2185 363 2224 0
403 2182 458 2226 fr.
489 2183 680 2228 interius
710 2183 1015 2229 Bormansius
1059 2185 1076 2241 ss
1120 2188 1172 2239 5,
1205 2188 1232 2227 6
1268 2187 1449 2239 ponunt
1479 2187 1562 2225 cs:
1605 2189 1654 2238 6,
1689 2186 1714 2226 5
1745 2186 1824 2229 Ης
1847 2181 1863 2240 Η

183 2245 209 2284 5
242 2239 451 2285 Xanthos
484 2241 717 2286 Gorallus:
761 2241 941 2287 cinthos
974 2248 1038 2285 cs
1086 2242 1268 2287 cinthus
1299 2245 1341 2284 Η
1382 2239 1586 2299 Cythnos
1619 2241 1826 2297 Scaliyer·
1852 2241 1858 2299 Ι

184 2299 311 2343 dolos
342 2299 523 2355 gracior
555 2306 580 2342 S
619 2303 625 2355 Ι
665 2300 748 2344 illa
779 2314 861 2346 om.
894 2306 936 2343 Η
966 2301 1032 2344 ila
1063 2306 1091 2343 c
1122 2302 1245 2345 solus
1277 2301 1415 2355 (unde
1445 2300 1609 2345 Delost
1640 2315 1707 2357 gr.
1740 2300 1864 2356 Hyla

182 2358 375 2413 Munro)
421 2360 437 2414 ΙΙ
483 2364 507 2402 6
542 2359 650 2404 Siue
688 2359 775 2403 tibi
815 2360 1003 2405 Rhodos
1035 2362 1106 2404 est
1135 2360 1319 2415 scripsi:
1363 2359 1454 2404 Seu
1491 2359 1581 2403 tibi
1612 2359 1798 2403 dodona
1830 2362 1861 2401 0

180 2416 380 2472 (dobona
410 2420 451 2459 Η
481 2431 537 2463 m.
570 2419 637 2472 1);
677 2418 856 2462 dodone
890 2420 1029 2474 Itali3
1071 2419 1161 2463 Seu
1199 2418 1288 2462 tibi
1318 2419 1504 2475 Python
1543 2418 1614 2463 est
1646 2417 1864 2462 Gorallus

183 2474 291 2530 (Seu
316 2475 528 2531 Pythona,
558 2476 646 2521 tibi
677 2478 750 2520 uel
782 2476 889 2521 Siue
921 2477 1011 2522 tibi
1034 2478 1187 2535 Pytho
1211 2478 1287 2522 uir
1310 2478 1467 2522 doctus
1490 2478 1610 2521 misc.
1636 2477 1748 2522 obss.
1774 2476 1863 2520 VII

178 2547 225 2589 p.
259 2534 332 2588 89)
371 2534 436 2577 Ac
475 2534 561 2579 tibi
598 2534 793 2580 Dodona
822 2536 1128 2581 Bormamius
1172 2536 1262 2580 Seu
1292 2535 1380 2580 tibi
1411 2535 1614 2580 Ladonis
1647 2536 1826 2580 Munro

182 2591 339 2657 pocior
371 2596 396 2633 S
424 2594 430 2648 Ι
456 2592 656 2638 fauentis
679 2598 721 2636 11
743 2595 759 2650 ΙΙ
784 2599 807 2638 ‘l
840 2596 1092 2652 properant
1113 2599 1155 2638 11
1177 2597 1193 2652 ΙΙ
1216 2599 1242 2639 8
1275 2595 1401 2640 Rura
1423 2596 1611 2651 scripsi:
1644 2594 1766 2639 Vota
1791 2598 1822 2637 0

181 2650 327 2717 tutius
359 2654 423 2692 GS
465 2651 617 2717 tucius
655 2655 716 2695 11:
760 2653 940 2698 cautius
971 2667 999 2702 ς
1042 2656 1058 2711 ΙΙ
1105 2659 1130 2698 9
1163 2653 1265 2710 quis
1299 2654 1439 2698 Itali:
1479 2654 1559 2710 qui
1592 2657 1622 2696 0
1673 2655 1679 2709 Ι
1729 2667 1863 2711 regni

181 2709 365 2764 scripsi:
384 2721 526 2776 ‘reg1s
559 2714 611 2765 ος
652 2715 699 2755 at
729 2726 808 2756 rex
838 2726 1020 2758 securus
1045 2717 1108 2758 est
1146 2714 1187 2757 is
1224 2713 1305 2769 qui
1333 2713 1509 2758 sibimet
1539 2713 1658 2757 nihil
1688 2713 1860 2767 metuit,

182 2780 275 2834 nore:
313 2780 391 2823 qui
422 2768 656 2823 publicam
685 2771 966 2816 securitatem
989 2773 1200 2830 praebet;
1237 2773 1358 2816 uncle
1387 2772 1529 2827 fuisse
1559 2771 1640 2827 qui
1663 2784 1755 2827 pro
1786 2784 1857 2815 se-

183 2838 283 2891 curi
324 2826 507 2870 mallent
554 2827 740 2871 Saturni
792 2835 957 2874 narrat
1007 2831 1365 2875 Friesemanrms
1414 2829 1587 2875 Collect.
1629 2843 1678 2886 p.
1730 2834 1814 2873 182
1849 2830 1863 2887 Η

185 2887 239 2927 10
271 2885 465 2929 lactaret
496 2897 543 2931 ςε
576 2885 761 2930 iactarit
789 2891 830 2929 11
861 2888 1056 2934 lactaret
1087 2895 1152 2931 cs
