1992 3238
753 187 1152 234 VERGILlANA.
1765 190 1798 242 9

111 324 396 377 oscitantia
442 321 742 376 commissis
752 363 766 389 ,
823 321 915 374 sed
962 323 1100 375 nihil
1152 323 1241 376 hic
1295 324 1360 377 de
1415 343 1512 378 suo
1567 325 1802 377 mutauit

111 397 580 466 interpolauitque.
641 398 878 449 ceterum
917 397 1249 464 compendiis
1290 401 1374 451 est
1412 399 1642 467 scriptus
1682 399 1802 467 plu-

111 471 283 540 rimis,
324 488 550 539 quorum
588 469 635 522 is
675 469 767 537 qui
802 469 1165 522 conlationem
1203 470 1444 524 instituit
1482 490 1644 542 quam
1684 472 1801 525 dili-

114 544 427 616 gentissime
459 543 619 596 debet
648 542 847 594 habere
870 541 1266 614 respectum*)3
1298 563 1433 613 quae
1456 548 1656 614 tamen,
1679 563 1803 599 cum

113 637 178 671 ex
219 619 301 671 sui
339 617 600 686 temporis
640 633 788 669 more
827 611 1070 685 posuerit
1108 617 1308 686 scriba,
1352 619 1504 671 nulla
1542 636 1662 671 cum
1701 619 1804 672 uti-

112 693 265 745 litate
319 691 661 758 adferuntur,
725 689 816 742 sed
870 689 1213 743 difficultates
1266 694 1479 744 tantum
1540 693 1805 760 praebent

111 765 404 818 lectoribus
441 763 865 834 typothetisque.
917 764 1034 832 ipse
1065 762 1114 815 V
1153 782 1199 816 a.
1235 764 1376 818 1876
1407 763 1594 818 Ienam
1628 770 1804 819 trans·

110 839 337 892 missum
374 838 595 892 contuli.

263 912 413 966 Libri
452 911 500 964 V
544 912 603 964 in
643 909 823 964 Oulice
863 907 1116 979 Copaque
1156 913 1211 963 et
1256 911 1382 964 libri
1420 910 1463 964 Gr
1499 913 1556 964 in
1593 911 1803 965 Aetnae

111 988 266 1055 parte
296 986 459 1055 plane
484 985 672 1038 eadem
697 987 779 1037 est
808 983 1044 1037 indoles:
1076 987 1286 1037 textum
1316 986 1580 1054 praebent
1610 1004 1806 1055 purum

112 1061 181 1113 ab
222 1060 297 1113 eis
337 1077 472 1128 quae
517 1063 733 1127 tempus
772 1057 1063 1127 insequens
1109 1059 1294 1111 intulit
1332 1059 1480 1112 uitiis
1528 1060 1803 1130 grauibus.

451 1191 542 1245 De
589 1190 867 1244 secunda
913 1190 1205 1244 codicum
1251 1192 1464 1246 classi.

259 1294 636 1349 Vetustissimi
690 1294 1009 1363 exemplaris
1064 1312 1190 1363 pars
1244 1295 1395 1364 prior
1448 1295 1637 1348 deinde
1691 1297 1805 1349 siue

113 1371 338 1422 exeunte
377 1386 511 1421 saec.
549 1366 687 1420 VIII
726 1368 839 1421 siue
877 1367 956 1421 IX
1002 1368 1222 1420 ineunte
1260 1371 1380 1422 tota
1418 1368 1685 1438 descripta
1723 1373 1807 1423 est

113 1443 181 1496 ab
205 1443 424 1496 homine
447 1440 946 1511 neglegentissime,
971 1442 1064 1511 qui
1087 1442 1322 1511 'plurima
1347 1443 1583 1511 aspersit
1597 1443 1806 1496 menda.

113 1519 168 1569 et
205 1516 424 1584 plenum
466 1532 572 1584 quo
609 1515 762 1568 fieret
791 1515 1011 1584 malum,
1048 1515 1175 1568 huic
1208 1515 1523 1586 apographo
1556 1520 1807 1586 corrupto

114 1589 254 1643 alter
306 1589 454 1642 illius
502 1589 623 1642 aeui
670 1588 836 1642 homo
884 1606 1040 1642 curas
1091 1589 1390 1658 applicauit
1435 1590 1650 1643 criticas
1696 1608 1809 1643 non

113 1664 330 1717 conlato
371 1662 668 1732 exemplari
704 1659 872 1732 (quod
910 1662 1132 1715 iamiam
1164 1661 1423 1734 euanuit),
1464 1664 1556 1716 sed
1594 1666 1656 1716 ut
1695 1665 1807 1717 suis

113 1737 322 1790 innisus
361 1736 568 1789 uiribus
607 1735 816 1789 foedius
856 1736 1223 1805 interpolaret.
1278 1737 1480 1806 duplici
1518 1737 1623 1790 hoc
1655 1738 1809 1808 uitio⁷

115 1814 170 1864 et
207 1811 595 1880 deprauatione
633 1809 847 1880 ingenti
878 1813 933 1862 et
966 1827 1146 1863 crassa
1182 1811 1620 1881 interpolatione,
1658 1811 1807 1865 labo-

113 1888 240 1937 rant
286 1883 493 1938 codices
539 1883 762 1953 plurimi
807 1884 901 1953 qui
947 1884 1015 1937 ab
1064 1887 1302 1938 correcto
1347 1885 1443 1938 illo
1491 1885 1808 1955 apographo

112 1976 210 2027 per
262 1959 439 2012 uarios
486 1957 684 2028 gradus
730 1960 985 2026 repetunt
1029 1958 1295 2028 originem
1305 1956 1412 2030 **);
1468 1962 1654 2027 estque
1699 1977 1810 2011 una

113 2032 276 2085 huius
322 2034 502 2084 textus
547 2031 712 2084 facies
759 2031 817 2084 in
857 2029 1040 2085 Oulice
1080 2029 1336 2102 Copaque
1375 2030 1526 2101 (nam
1565 2034 1624 2085 in
1661 2031 1810 2086 Diris

115 2105 366 2159 meliores
404 2105 585 2159 fontes
623 2105 682 2157 in
715 2106 1173 2174 comparationem
1204 2123 1399 2159 uocare
1431 2124 1540 2159 non
1569 2103 1720 2175 licet)
1754 2110 1809 2159 et

115 2180 175 2232 in
210 2179 407 2234 Aetna.
466 2182 746 2248 praeterea
782 2179 924 2231 idem
962 2179 1320 2248 interpolator
1357 2197 1503 2233 noua
1546 2179 1810 2250 quaedam

117 2253 355 2306 carmina
416 2270 538 2306 cum
598 2256 787 2306 nostra
842 2252 1051 2322 sylloge
1108 2253 1409 2323 antiquitus
1465 2271 1808 2324 nequaquam

116 2326 404 2380 coniuncta
435 2325 657 2397 addidit,
694 2344 758 2379 ea
794 2329 858 2378 ut
887 2327 1131 2396 suspicor
1162 2345 1324 2380 causa
1362 2331 1640 2397 permotus
1682 2328 1809 2397 quia

266 2500 309 2558 ³⁸)
341 2499 612 2545 fefellerunt
642 2514 698 2545 ea
727 2500 966 2546 interdum
996 2500 1332 2556 Ribbeckium3
1370 2501 1543 2558 ueluti,
1581 2502 1636 2546 ut
1665 2516 1810 2546 unum

119 2560 281 2604 demus
313 2559 598 2616 exemplum,
640 2558 811 2606 Culicis
841 2575 886 2604 u.
919 2566 945 2605 3
978 2565 1017 2603 V
1047 2562 1122 2618 [377
1157 2581 1212 2598 =
1242 2564 1354 2605 sunt
1390 2561 1440 2605 et
1467 2574 1606 2618 porro
1638 2561 1726 2606 ᾶῑα
1753 2582 1810 2598 ---

118 2620 244 2664 dicta
270 2618 474 2663 exhibet.

238 2677 308 2734 **)
340 2675 491 2722 ueluti
514 2676 685 2722 Culicis
707 2692 752 2723 u.
779 2682 864 2724 362
901 2678 1153 2723 ‘moritura
1175 2677 1382 2724 metelli’
1418 2678 1504 2735 (sic
1526 2680 1582 2735 V)
1613 2678 1731 2724 abiit
1760 2679 1810 2723 in

121 2736 395 2794 apographo
426 2737 476 2780 in
510 2736 668 2780 ‘mora
698 2737 856 2781 melli'
892 2738 943 2792 (B
955 2739 1024 2794 c),
1065 2737 1190 2794 quod
1222 2736 1334 2794 quia
1365 2738 1611 2782 emendare
1642 2737 1812 2783 nesciit

118 2794 310 2852 reliquit
345 2795 674 2853 interpolator3
722 2797 772 2841 at
808 2795 934 2840 idem
972 2811 1017 2841 u.
1049 2800 1145 2840 332.
1177 2810 1284 2841 cum
1321 2795 1555 2841 inueniret
1595 2797 1812 2842 ‘ranole'a

121 2853 394 2911 charybdis’
423 2854 506 2910 (sic
529 2858 587 2910 V,
613 2854 738 2911 quod
767 2854 967 2911 palmari
990 2854 1315 2900 emendatione
1347 2855 1396 2900 in
1423 2855 1704 2901 ‘Zanclaea'
1738 2870 1809 2901 re·

121 2913 255 2958 finxit
285 2912 606 2970 Schraderus),
636 2913 943 2970 interpolauit
972 2914 1022 2958 in
1055 2914 1334 2960 ‘metuenda
1365 2914 1658 2971 charybdis'.
