1992 3238
561 213 758 257 INDEX
787 213 1206 270 IMITATIONVM
1235 214 1302 259 IN
1334 214 1469 260 CIRI.
1758 214 1862 267 189

176 345 292 391 222:
324 345 440 390 Aen.
476 350 523 400 1,
555 348 641 388 449
677 343 879 389 ‘foribus
909 346 1049 389 cardo
1078 346 1298 391 stridebat
1328 346 1494 391 aenis'.

175 404 292 449 228:
325 405 438 449 Aen.
475 408 551 459 10,
585 407 669 447 631
706 403 852 460 ‘quod
882 407 935 447 ut
964 416 991 447 ο
1013 405 1173 459 potius
1201 404 1448 449 formidine
1479 404 1599 448 falsa.
1627 404 1798 449 ludar’.

176 463 293 507 229:
324 465 438 506 Aen.
470 468 519 519 3,
552 466 639 507 354
673 462 913 506 ‘libabant
939 463 1107 518 pocula
1135 463 1346 509 Bacchi'.

176 520 494 622 230:hGeorg.
534 525 583 577 2,
618 525 702 565 143
744 520 854 565 ‘sed
890 521 1116 578 ρτααίάαε
1153 521 1309 578 fruges
1348 523 1397 566 et
1434 521 1611 566 Bacchi
1641 520 1865 566 Massicus

328 580 495 625 umor'.

175 638 291 683 233:
325 638 496 683 Caluus
526 638 694 695 fragm.
729 642 783 682 13
815 637 867 681 L.
900 637 962 681 M.
1005 637 1104 682 ‘sol
1143 650 1328 694 quoque
1365 639 1616 694 perpetuos
1649 637 1865 682 meminit

261 749 265 751 ,
294 698 564 753 requiescere
593 702 778 741 cursus'
814 696 890 753 (cf.
923 696 1062 753 Verg.
1095 696 1178 741 ecl.
1209 700 1258 751 8,
1290 698 1349 751 4).

177 754 293 801 241:
327 755 495 799 Catull.
537 759 615 811 64,
648 759 734 799 372
786 755 799 776 ‘
813 768 954 811 quare
1001 754 1128 812 agite
1174 756 1361 812 optatos
1407 755 1555 799 animi
1600 754 1868 812 coniungite

298 814 506 858 amores'.

178 872 294 918 242:
330 872 497 917 Catull.
524 877 603 928 68,
631 876 686 917 17
714 873 892 924 ‘multa
915 872 1030 917 satis
1054 871 1168 916 lusi:
1199 884 1296 916 non
1318 875 1382 917 est
1410 872 1496 916 dea
1525 872 1678 916 nescia
1708 872 1871 926 nostri,

297 932 444 988 quae'
480 946 573 987 eqs.

179 990 294 1036 243:
328 989 495 1047 Georg.
530 995 577 1045 1,
610 995 699 1034 394
733 989 808 1034 ‘et
839 989 976 1034 certis
1004 989 1175 1045 poteris
1204 1002 1465 1045 coynoscere
1493 989 1674 1046 siqnis'.

179 1049 295 1094 247:
327 1049 442 1093 Aen.
476 1054 525 1105 9,
557 1053 644 1093 595
680 1048 852 1105 ‘diyna
882 1052 1016 1104 atque
1045 1049 1244 1104 indiyna
1272 1047 1462 1093 relatu'.

177 1108 293 1153 248:
327 1107 495 1152 Catull.
542 1112 621 1162 61,
667 1111 754 1151 205
805 1107 982 1151 ‘multa
1025 1106 1158 1151 milia
1202 1105 1328 1150 ludi'
1378 1106 1451 1162 (cf.
1498 1106 1612 1150 ibid.
1665 1111 1743 1162 67,
1792 1109 1869 1158 783

297 1166 479 1211 Lucret.
513 1171 563 1221 4,
595 1171 704 1220 4123
736 1166 873 1222 Prop.
909 1171 956 1219 1,
990 1170 1039 1222 5,
1074 1167 1158 1220 10).

177 1224 293 1270 252:
329 1225 497 1270 Catull.
524 1229 602 1280 64,
632 1230 718 1269 317
754 1225 895 1282 ‘quae
917 1225 1056 1281 prius
1085 1225 1139 1268 in
1168 1223 1264 1268 leui
1292 1224 1479 1268 fuerant
1509 1223 1719 1268 extantia
1747 1223 1868 1267 filo'.

179 1283 295 1328 254:
329 1284 390 1328 ad
420 1285 540 1328 tabis
572 1284 628 1328 cf.
654 1283 854 1327 Charisii
884 1283 942 1327 de
968 1282 1116 1327 Cinna
1145 1283 1463 1327 testimonium
1496 1283 1562 1340 [p.
1589 1287 1644 1327 73
1669 1284 1718 1327 et
1745 1281 1869 1339 118].

178 1343 293 1388 257:
326 1344 441 1387 Aen.
485 1347 563 1400 10,
602 1346 689 1387 878
740 1342 842 1387 ‘ille
879 1346 1049 1387 autem:
1096 1342 1210 1398 quid
1246 1355 1314 1386 me
1353 1342 1534 1398 erepto,
1586 1339 1871 1396 saeuissime,

299 1403 412 1446 nato
443 1402 646 1446 terres?'

178 1460 295 1506 261:
328 1459 444 1504 Aen.
476 1465 526 1516 2,
561 1463 644 1504 145
680 1458 1048 1504 ‘miserescimus
1078 1459 1236 1504 ultro'.

182 1519 299 1564 263:
330 1521 445 1564 Aen.
479 1525 531 1575 6,
562 1523 649 1563 405
681 1520 750 1574 (9,
783 1523 891 1572 2943
927 1523 1006 1573 10,
1038 1519 1143 1574 824)
1179 1517 1389 1574 ‘pietatis
1417 1517 1605 1575 imayo’.

180 1578 296 1622 266:
327 1578 443 1624 Aen.
477 1583 526 1633 6,
560 1582 644 1622 722
681 1577 858 1621 ‘dicam
888 1577 1126 1634 equidem'.

180 1636 296 1681 267:
327 1637 425 1681 Ecl.
459 1640 507 1690 8,
541 1641 618 1680 60:
668 1636 920 1692 ‘praeceps
949 1634 1066 1679 aerii
1104 1635 1292 1691 specula
1329 1634 1387 1678 de
1425 1634 1597 1678 montis
1637 1633 1687 1677 in
1725 1633 1873 1677 undas

297 1695 511 1739 Deferat:
543 1699 789 1739 extwmum
818 1695 901 1739 hoc
929 1707 1098 1738 munus
1127 1694 1362 1738 ‘morientis
1390 1693 1584 1738 habeto’.

181 1753 295 1801 268:
328 1755 441 1799 Aen.
475 1759 502 1798 6
517 1787 528 1808 ,
562 1759 667 1798 760:
707 1753 823 1808 ‘ille,
854 1754 998 1807 uides,
1029 1765 1147 1809 pura
1176 1752 1358 1796 iuuenis
1389 1753 1471 1808 qui
1500 1750 1667 1796 nititur
1694 1750 1872 1805 hasta'3

298 1812 410 1858 ibid.
445 1817 521 1868 11,
554 1817 642 1856 304
676 1812 809 1856 ‘cum
838 1824 994 1856 muros
1025 1811 1202 1856 adsidet
1230 1811 1405 1855 hostis'.

181 1871 297 1916 278:
331 1871 386 1917 cf.
422 1870 592 1916 Catull.
625 1876 703 1925 61,
737 1875 822 1915 135
855 1871 903 1914 et
935 1875 1019 1924 63,
1049 1874 1105 1914 61
1142 1869 1307 1914 ‘miser
1337 1883 1366 1913 a
1394 1868 1571 1913 miser’.

183 1931 298 1976 279:
331 1930 444 1976 Aen.
478 1935 527 1985 9,
559 1934 643 1973 211
689 1929 871 1985 ‘rapiat
901 1941 1090 1973 casusne
1119 1928 1328 1982 deusue’;
1368 1927 1480 1972 ibid.
1517 1932 1594 1980 12,
1625 1932 1710 1971 321
1747 1926 1876 1984 ‘quis

300 1991 484 2034 tantam
514 1988 700 2032 Rutulis
732 1988 936 2042 cladem,
968 2000 1158 2032 casusne
1187 1988 1373 2041 deusne,
1405 1985 1648 2031 attulerit'.

183 2047 300 2092 280:
333 2049 447 2093 Aen.
489 2053 538 2103 6,
570 2052 657 2091 406
708 2047 786 2091 ‘at
821 2060 1004 2091 ramum
1049 2047 1170 2090 hune
1208 2046 1376 2102 (aperit
1412 2059 1594 2090 ramum
1638 2045 1720 2102 qui
1756 2048 1877 2089 ueste

302 2108 488 2163 latebat)
519 2106 781 2162 agnoscas'.

185 2164 299 2210 284:
335 2167 450 2210 Aen.
477 2169 554 2219 10,
579 2169 666 2210 844
700 2164 940 2209 ‘canitiem
969 2164 1110 2208 multo
1142 2162 1374 2207 deformat
1395 2162 1632 2218 pulnere’;
1663 2161 1776 2207 ibid.
1803 2166 1874 2215 12,

304 2229 389 2268 611
425 2223 672 2268 ‘canitiem
708 2222 935 2267 inmundo
972 2222 1207 2279 perfusam
1238 2222 1433 2278 puluere
1461 2221 1683 2277 tmans’
1719 2221 1796 2278 (cf.
1829 2220 1877 2265 et

304 2283 474 2328 Catull.
507 2287 586 2339 64,
617 2285 737 2338 224).

189 2341 309 2386 288:
341 2342 456 2386 Aen.
488 2346 538 2396 4,
570 2346 654 2384 321
692 2341 760 2384 ‘te
781 2343 973 2397 propter
1003 2339 1226 2386 eundem'.

188 2399 301 2446 291:
337 2402 451 2445 Aen.
486 2404 534 2454 6,
566 2404 652 2443 437
688 2399 765 2443 ‘et
794 2400 936 2444 duros
964 2398 1169 2454 perferre
1201 2397 1410 2443 labores’.

185 2458 302 2505 295:
334 2460 448 2504 Aen.
475 2464 525 2513 9,
550 2462 635 2502 481
673 2458 811 2501 ‘tune
837 2454 923 2501 ille
954 2461 1153 2501 senectae
1183 2470 1286 2500 sera
1308 2469 1431 2500 meae
1453 2455 1652 2511 requies,
1675 2456 1877 2512 potuisti

302 2519 514 2574 linquere
546 2517 715 2572 solam,
747 2515 1002 2560 crudelis?'
1037 2515 1147 2560 ibid.
1183 2520 1259 2571 12,
1292 2519 1347 2558 57
1383 2515 1509 2570 ‘spes
1538 2516 1592 2559 tu
1620 2529 1744 2559 nunc
1775 2528 1874 2558 una

304 2581 524 2630 senectae,
554 2577 607 2620 tu
638 2574 844 2630 requies’
881 2588 975 2629 eqs.

187 2636 302 2681 299:
333 2635 431 2680 Ecl.
459 2640 529 2689 10,
554 2638 610 2678 59
645 2633 789 2677 ‘libet
814 2632 990 2677 Partho
1012 2633 1230 2688 torquere
1254 2630 1460 2688 Cydonia
1489 2643 1633 2677 cornu
1661 2631 1871 2688 spicula’

326 2694 438 2739 Aen.
474 2698 527 2737 11
584 2697 701 2737 773.

187 2696 449 2798 301:(Aen.
484 2729 623 2806 6‚’14
658 2694 864 2807 ‘)fu9iens
897 2750 1088 2795 Minoia
1116 2749 1297 2806 regna'.

187 2811 304 2856 302:
337 2811 433 2857 Ecl.
452 2817 493 2867 8,
511 2815 567 2855 59
587 2809 818 2866 ‘praeceps
832 2810 950 2854 aerii
963 2810 1146 2865 specula
1168 2809 1222 2852 de
1237 2808 1402 2852 montis
1424 2806 1475 2850 in
1491 2807 1639 2852 undas
1656 2806 1875 2851 deferar-⁹.

189 2868 306 2915 305:
340 2870 397 2916 cf.
420 2868 586 2914 incerti
611 2869 779 2926 poetae
802 2881 961 2912 uersus
993 2868 1116 2924 apud
1140 2866 1403 2911 Charisium
1432 2881 1478 2923 p.
1503 2870 1612 2922 287,
1637 2871 1666 2910 4
1695 2865 1750 2911 Κ.
1784 2879 1876 2910 ser·

307 2928 408 2973 uati
439 2931 487 2974 et
517 2927 817 2972 Miscellanea
846 2929 1002 2971 nostra-
1035 2925 1209 2971 Critica
1237 2940 1285 2982 p.
1316 2929 1388 2969 20.
