<?xml version="1.0" encoding="UTF-8"?>
<!DOCTYPE html PUBLIC "-//W3C//DTD XHTML 1.0 Transitional//EN"
    "http://www.w3.org/TR/xhtml1/DTD/xhtml1-transitional.dtd">
<html xmlns="http://www.w3.org/1999/xhtml" xml:lang="en" lang="en">
 <head>
  <title>
</title>
<meta http-equiv="Content-Type" content="text/html;charset=utf-8" />
  <meta name='ocr-system' content='tesseract 3.04.00' />
  <meta name='ocr-capabilities' content='ocr_page ocr_carea ocr_par ocr_line ocrx_word'/>
</head>
<body>
  <div class='ocr_page' id='page_1' title='image "./poetaelatinimino02baehuoft_0048.png"; bbox 0 0 1992 3238; ppageno 0'>
   <div class='ocr_carea' id='block_1_1' title="bbox 174 198 1258 255">
    <p class='ocr_par' dir='ltr' id='par_1_1' title="bbox 174 198 1258 255">
     <span class='ocr_line' id='line_1_1' title="bbox 174 198 1258 255; baseline 0.003 -14"><span class='ocrx_word' id='word_1_1' title='bbox 174 202 249 255; x_wconf 87' lang='lat'>44</span> <span class='ocrx_word' id='word_1_2' title='bbox 790 199 910 245; x_wconf 78' lang='lat' dir='ltr'>xvi</span> <span class='ocrx_word' id='word_1_3' title='bbox 946 198 1258 244; x_wconf 78' lang='lat' dir='ltr'>APPENDIX</span> 
     </span>
    </p>
   </div>
   <div class='ocr_carea' id='block_1_2' title="bbox 176 332 1878 1577">
    <p class='ocr_par' dir='ltr' id='par_1_2' title="bbox 176 332 1878 1577">
     <span class='ocr_line' id='line_1_2' title="bbox 176 332 1874 420; baseline -0.001 -32"><span class='ocrx_word' id='word_1_4' title='bbox 176 334 321 420; x_wconf 92' lang='lat' dir='ltr'>Bip.]</span> <span class='ocrx_word' id='word_1_5' title='bbox 360 355 410 388; x_wconf 91' lang='lat' dir='ltr'>u.</span> <span class='ocrx_word' id='word_1_6' title='bbox 451 336 552 388; x_wconf 85' lang='lat'>5—</span> <span class='ocrx_word' id='word_1_7' title='bbox 563 335 595 388; x_wconf 90' lang='grc'><strong>9</strong></span> <span class='ocrx_word' id='word_1_8' title='bbox 636 335 694 386; x_wconf 91' lang='lat' dir='ltr'>in</span> <span class='ocrx_word' id='word_1_9' title='bbox 732 334 913 387; x_wconf 92' lang='lat' dir='ltr'>codice</span> <span class='ocrx_word' id='word_1_10' title='bbox 950 332 1223 388; x_wconf 87' lang='lat' dir='ltr'>Vossiano</span> <span class='ocrx_word' id='word_1_11' title='bbox 1262 333 1320 386; x_wconf 94' lang='lat' dir='ltr'>L.</span> <span class='ocrx_word' id='word_1_12' title='bbox 1358 333 1417 387; x_wconf 98' lang='lat' dir='ltr'>F.</span> <span class='ocrx_word' id='word_1_13' title='bbox 1460 335 1562 386; x_wconf 88' lang='lat'>111</span> <span class='ocrx_word' id='word_1_14' title='bbox 1606 351 1742 386; x_wconf 88' lang='lat' dir='ltr'>saec.</span> <span class='ocrx_word' id='word_1_15' title='bbox 1777 333 1874 403; x_wconf 84' lang='lat' dir='ltr'>IX,</span> 
     </span>
     <span class='ocr_line' id='line_1_3' title="bbox 179 406 1872 479; baseline -0.002 -17"><span class='ocrx_word' id='word_1_16' title='bbox 179 411 271 479; x_wconf 92' lang='lat' dir='ltr'>qui</span> <span class='ocrx_word' id='word_1_17' title='bbox 319 409 556 477; x_wconf 87' lang='lat' dir='ltr'>priorem</span> <span class='ocrx_word' id='word_1_18' title='bbox 611 407 907 460; x_wconf 84' lang='lat' dir='ltr'>carminum</span> <span class='ocrx_word' id='word_1_19' title='bbox 950 408 1390 461; x_wconf 88' lang='lat' dir='ltr'>Ausonianorum</span> <span class='ocrx_word' id='word_1_20' title='bbox 1444 406 1737 460; x_wconf 74' lang='lat' dir='ltr'>editionem</span> <span class='ocrx_word' id='word_1_21' title='bbox 1790 424 1872 459; x_wconf 87' lang='lat' dir='ltr'>re·</span> 
     </span>
     <span class='ocr_line' id='line_1_4' title="bbox 178 479 1872 563; baseline -0.001 -29"><span class='ocrx_word' id='word_1_22' title='bbox 178 484 494 552; x_wconf 77' lang='lat' dir='ltr'>praesentat</span> <span class='ocrx_word' id='word_1_23' title='bbox 519 481 612 548; x_wconf 87' lang='lat' dir='ltr'>[cf.</span> <span class='ocrx_word' id='word_1_24' title='bbox 633 479 892 534; x_wconf 83' lang='lat' dir='ltr'>Fleckeis.</span> <span class='ocrx_word' id='word_1_25' title='bbox 922 499 1043 534; x_wconf 86' lang='lat' dir='ltr'>ann.</span> <span class='ocrx_word' id='word_1_26' title='bbox 1072 481 1213 534; x_wconf 83' lang='lat'>1876</span> <span class='ocrx_word' id='word_1_27' title='bbox 1246 499 1298 548; x_wconf 89' lang='lat' dir='ltr'>p.</span> <span class='ocrx_word' id='word_1_28' title='bbox 1328 481 1433 533; x_wconf 82' lang='lat'>152</span> <span class='ocrx_word' id='word_1_29' title='bbox 1450 481 1603 563; x_wconf 84' lang='lat' dir='ltr'>sqq.‚]</span> <span class='ocrx_word' id='word_1_30' title='bbox 1631 480 1691 532; x_wconf 88' lang='lat' dir='ltr'>hi</span> <span class='ocrx_word' id='word_1_31' title='bbox 1722 483 1872 532; x_wconf 86' lang='lat' dir='ltr'>sunt:</span> 
     </span>
     <span class='ocr_line' id='line_1_5' title="bbox 248 552 1762 623; baseline -0.001 -16"><span class='ocrx_word' id='word_1_32' title='bbox 248 554 354 608; x_wconf 84' lang='lat' dir='ltr'>Die</span> <span class='ocrx_word' id='word_1_33' title='bbox 388 556 516 621; x_wconf 78' lang='lat' dir='ltr'>qaid</span> <span class='ocrx_word' id='word_1_34' title='bbox 549 555 838 623; x_wconf 72' lang='lat' dir='ltr'>siynifieent</span> <span class='ocrx_word' id='word_1_35' title='bbox 873 553 1141 621; x_wconf 65' lang='lat' dir='ltr'>Catalepta</span> <span class='ocrx_word' id='word_1_36' title='bbox 1176 554 1450 608; x_wconf 84' lang='lat' dir='ltr'>Maronis:</span> <span class='ocrx_word' id='word_1_37' title='bbox 1488 554 1549 605; x_wconf 89' lang='lat' dir='ltr'>in</span> <span class='ocrx_word' id='word_1_38' title='bbox 1588 552 1670 606; x_wconf 80' lang='lat' dir='ltr'>his</span> <span class='ocrx_word' id='word_1_39' title='bbox 1707 554 1762 606; x_wconf 90' lang='lat' dir='ltr'>al</span> 
     </span>
     <span class='ocr_line' id='line_1_6' title="bbox 255 627 1560 696; baseline -0.002 -14"><span class='ocrx_word' id='word_1_40' title='bbox 255 627 519 682; x_wconf 78' lang='lat' dir='ltr'>Celtarum</span> <span class='ocrx_word' id='word_1_41' title='bbox 553 629 750 696; x_wconf 78' lang='lat' dir='ltr'>posuit,</span> <span class='ocrx_word' id='word_1_42' title='bbox 785 629 1016 695; x_wconf 77' lang='lat' dir='ltr'>sequitur</span> <span class='ocrx_word' id='word_1_43' title='bbox 1052 644 1158 681; x_wconf 83' lang='lat' dir='ltr'>non</span> <span class='ocrx_word' id='word_1_44' title='bbox 1197 628 1417 681; x_wconf 74' lang='lat' dir='ltr'>lucidius</span> <span class='ocrx_word' id='word_1_45' title='bbox 1455 631 1560 679; x_wconf 79' lang='lat' dir='ltr'>tau.</span> 
     </span>
     <span class='ocr_line' id='line_1_7' title="bbox 249 700 1655 770; baseline 0 -16"><span class='ocrx_word' id='word_1_46' title='bbox 249 702 541 770; x_wconf 76' lang='lat' dir='ltr'>Imperium</span> <span class='ocrx_word' id='word_1_47' title='bbox 579 702 719 755; x_wconf 77' lang='lat' dir='ltr'>litem</span> <span class='ocrx_word' id='word_1_48' title='bbox 766 701 1006 755; x_wconf 79' lang='lat' dir='ltr'>Venerem</span> <span class='ocrx_word' id='word_1_49' title='bbox 1043 717 1135 753; x_wconf 80' lang='lat' dir='ltr'>cnr</span> <span class='ocrx_word' id='word_1_50' title='bbox 1171 717 1319 768; x_wconf 77' lang='lat' dir='ltr'>saepe</span> <span class='ocrx_word' id='word_1_51' title='bbox 1356 705 1503 753; x_wconf 80' lang='lat' dir='ltr'>notat</span> <span class='ocrx_word' id='word_1_52' title='bbox 1536 700 1655 754; x_wconf 76' lang='lat' dir='ltr'>res?</span> 
     </span>
     <span class='ocr_line' id='line_1_8' title="bbox 250 775 1506 843; baseline -0.002 -14"><span class='ocrx_word' id='word_1_53' title='bbox 250 775 416 829; x_wconf 80' lang='lat' dir='ltr'>Estne</span> <span class='ocrx_word' id='word_1_54' title='bbox 442 776 707 843; x_wconf 64' lang='lat' dir='ltr'>peregrini</span> <span class='ocrx_word' id='word_1_55' title='bbox 742 791 847 827; x_wconf 76' lang='lat' dir='ltr'>nox</span> <span class='ocrx_word' id='word_1_56' title='bbox 883 775 1110 827; x_wconf 83' lang='lat' dir='ltr'>nominis</span> <span class='ocrx_word' id='word_1_57' title='bbox 1146 791 1220 826; x_wconf 92' lang='lat' dir='ltr'>an</span> <span class='ocrx_word' id='word_1_58' title='bbox 1256 775 1403 827; x_wconf 75' lang='lat' dir='ltr'>Latii</span> <span class='ocrx_word' id='word_1_59' title='bbox 1439 775 1506 827; x_wconf 85' lang='lat' dir='ltr'>sil</span> 
     </span>
     <span class='ocr_line' id='line_1_9' title="bbox 251 847 1685 916; baseline -0.001 -14"><span class='ocrx_word' id='word_1_60' title='bbox 251 849 329 902; x_wconf 76' lang='lat' dir='ltr'>Et</span> <span class='ocrx_word' id='word_1_61' title='bbox 364 850 500 916; x_wconf 76' lang='lat' dir='ltr'>quod</span> <span class='ocrx_word' id='word_1_62' title='bbox 529 865 776 916; x_wconf 75' lang='lat' dir='ltr'>yermano</span> <span class='ocrx_word' id='word_1_63' title='bbox 814 849 1035 901; x_wconf 78' lang='lat' dir='ltr'>mixtam</span> <span class='ocrx_word' id='word_1_64' title='bbox 1071 848 1208 900; x_wconf 87' lang='lat' dir='ltr'>male</span> <span class='ocrx_word' id='word_1_65' title='bbox 1245 847 1499 913; x_wconf 79' lang='lat' dir='ltr'>letiferum</span> <span class='ocrx_word' id='word_1_66' title='bbox 1535 847 1685 900; x_wconf 73' lang='lat' dir='ltr'>min?</span> 
     </span>
     <span class='ocr_line' id='line_1_10' title="bbox 185 920 1878 990; baseline -0.002 -15"><span class='ocrx_word' id='word_1_67' title='bbox 185 925 244 976; x_wconf 85' lang='lat' dir='ltr'>at</span> <span class='ocrx_word' id='word_1_68' title='bbox 279 922 338 974; x_wconf 90' lang='lat' dir='ltr'>in</span> <span class='ocrx_word' id='word_1_69' title='bbox 376 922 455 975; x_wconf 91' lang='lat' dir='ltr'>eis</span> <span class='ocrx_word' id='word_1_70' title='bbox 494 922 647 975; x_wconf 91' lang='lat' dir='ltr'>libris</span> <span class='ocrx_word' id='word_1_71' title='bbox 686 940 836 989; x_wconf 67' lang='lat' dir='ltr'>mss,</span> <span class='ocrx_word' id='word_1_72' title='bbox 879 921 971 990; x_wconf 91' lang='lat' dir='ltr'>qui</span> <span class='ocrx_word' id='word_1_73' title='bbox 1012 921 1237 973; x_wconf 87' lang='lat' dir='ltr'>alteram</span> <span class='ocrx_word' id='word_1_74' title='bbox 1277 921 1533 974; x_wconf 76' lang='lat' dir='ltr'>exhibent</span> <span class='ocrx_word' id='word_1_75' title='bbox 1571 920 1878 989; x_wconf 87' lang='lat' dir='ltr'>editionem,</span> 
     </span>
     <span class='ocr_line' id='line_1_11' title="bbox 179 994 1324 1062; baseline -0.001 -14"><span class='ocrx_word' id='word_1_76' title='bbox 179 995 471 1049; x_wconf 89' lang='lat' dir='ltr'>eorundem</span> <span class='ocrx_word' id='word_1_77' title='bbox 509 1013 763 1048; x_wconf 90' lang='lat' dir='ltr'>uersuum</span> <span class='ocrx_word' id='word_1_78' title='bbox 801 995 935 1047; x_wconf 90' lang='lat' dir='ltr'>haec</span> <span class='ocrx_word' id='word_1_79' title='bbox 975 997 1060 1047; x_wconf 90' lang='lat' dir='ltr'>est</span> <span class='ocrx_word' id='word_1_80' title='bbox 1097 994 1324 1062; x_wconf 88' lang='lat' dir='ltr'>species.</span> 
     </span>
     <span class='ocr_line' id='line_1_12' title="bbox 253 1067 1717 1136; baseline -0.002 -13"><span class='ocrx_word' id='word_1_81' title='bbox 253 1068 397 1123; x_wconf 83' lang='lat' dir='ltr'>Scire</span> <span class='ocrx_word' id='word_1_82' title='bbox 432 1069 590 1122; x_wconf 77' lang='lat' dir='ltr'>uelim</span> <span class='ocrx_word' id='word_1_83' title='bbox 629 1067 897 1134; x_wconf 79' lang='lat' dir='ltr'><em>Catalepta</em></span> <span class='ocrx_word' id='word_1_84' title='bbox 936 1069 1118 1136; x_wconf 74' lang='lat' dir='ltr'>leyens,</span> <span class='ocrx_word' id='word_1_85' title='bbox 1155 1069 1282 1134; x_wconf 78' lang='lat' dir='ltr'>quid</span> <span class='ocrx_word' id='word_1_86' title='bbox 1315 1068 1565 1135; x_wconf 68' lang='lat' dir='ltr'>siqnifieet</span> <span class='ocrx_word' id='word_1_87' title='bbox 1602 1072 1717 1136; x_wconf 81' lang='lat' dir='ltr'>tan,</span> 
     </span>
     <span class='ocr_line' id='line_1_13' title="bbox 254 1141 1597 1210; baseline 0 -16"><span class='ocrx_word' id='word_1_88' title='bbox 254 1142 543 1210; x_wconf 61' lang='lat' dir='ltr'>Imperium</span> <span class='ocrx_word' id='word_1_89' title='bbox 582 1142 722 1194; x_wconf 79' lang='lat' dir='ltr'>litem</span> <span class='ocrx_word' id='word_1_90' title='bbox 769 1141 1010 1194; x_wconf 76' lang='lat' dir='ltr'>Venerem</span> <span class='ocrx_word' id='word_1_91' title='bbox 1047 1158 1140 1193; x_wconf 80' lang='lat' dir='ltr'>ear</span> <span class='ocrx_word' id='word_1_92' title='bbox 1175 1159 1284 1194; x_wconf 83' lang='lat' dir='ltr'>una</span> <span class='ocrx_word' id='word_1_93' title='bbox 1322 1145 1459 1194; x_wconf 77' lang='lat' dir='ltr'>notet</span> <span class='ocrx_word' id='word_1_94' title='bbox 1493 1158 1597 1206; x_wconf 83' lang='lat' dir='ltr'>res,</span> 
     </span>
     <span class='ocr_line' id='line_1_14' title="bbox 252 1214 1492 1282; baseline -0.001 -14"><span class='ocrx_word' id='word_1_95' title='bbox 252 1214 399 1269; x_wconf 76' lang='lat' dir='ltr'>Sitne</span> <span class='ocrx_word' id='word_1_96' title='bbox 426 1216 691 1282; x_wconf 71' lang='lat' dir='ltr'>pereyrim·</span> <span class='ocrx_word' id='word_1_97' title='bbox 728 1231 831 1268; x_wconf 80' lang='lat' dir='ltr'>uox</span> <span class='ocrx_word' id='word_1_98' title='bbox 867 1215 1095 1267; x_wconf 84' lang='lat' dir='ltr'>nominis</span> <span class='ocrx_word' id='word_1_99' title='bbox 1130 1231 1204 1267; x_wconf 90' lang='lat' dir='ltr'>an</span> <span class='ocrx_word' id='word_1_100' title='bbox 1241 1215 1389 1267; x_wconf 78' lang='lat' dir='ltr'>Latii</span> <span class='ocrx_word' id='word_1_101' title='bbox 1425 1215 1492 1267; x_wconf 78' lang='lat' dir='ltr'>sil</span> 
     </span>
     <span class='ocr_line' id='line_1_15' title="bbox 248 1288 1661 1356; baseline -0.001 -15"><span class='ocrx_word' id='word_1_102' title='bbox 248 1289 326 1341; x_wconf 77' lang='lat' dir='ltr'>Et</span> <span class='ocrx_word' id='word_1_103' title='bbox 361 1289 498 1356; x_wconf 77' lang='lat' dir='ltr'>qnod</span> <span class='ocrx_word' id='word_1_104' title='bbox 527 1304 773 1356; x_wconf 63' lang='lat' dir='ltr'>germano</span> <span class='ocrx_word' id='word_1_105' title='bbox 811 1289 1033 1341; x_wconf 75' lang='lat' dir='ltr'>mixtam</span> <span class='ocrx_word' id='word_1_106' title='bbox 1071 1288 1205 1340; x_wconf 90' lang='lat' dir='ltr'>male</span> <span class='ocrx_word' id='word_1_107' title='bbox 1244 1288 1497 1354; x_wconf 80' lang='lat' dir='ltr'>letiferum</span> <span class='ocrx_word' id='word_1_108' title='bbox 1534 1288 1661 1340; x_wconf 89' lang='lat' dir='ltr'>min.</span> 
     </span>
     <span class='ocr_line' id='line_1_16' title="bbox 182 1360 1877 1431; baseline -0.001 -17"><span class='ocrx_word' id='word_1_109' title='bbox 182 1362 501 1431; x_wconf 83' lang='lat' dir='ltr'>quibuscum</span> <span class='ocrx_word' id='word_1_110' title='bbox 555 1362 602 1415; x_wconf 89' lang='lat' dir='ltr'>si</span> <span class='ocrx_word' id='word_1_111' title='bbox 654 1379 909 1414; x_wconf 88' lang='lat' dir='ltr'>uersuum</span> <span class='ocrx_word' id='word_1_112' title='bbox 962 1360 1195 1414; x_wconf 88' lang='lat' dir='ltr'>formam</span> <span class='ocrx_word' id='word_1_113' title='bbox 1254 1361 1313 1413; x_wconf 89' lang='lat' dir='ltr'>in</span> <span class='ocrx_word' id='word_1_114' title='bbox 1367 1362 1601 1430; x_wconf 83' lang='lat' dir='ltr'>sylloges</span> <span class='ocrx_word' id='word_1_115' title='bbox 1653 1363 1877 1415; x_wconf 87' lang='lat' dir='ltr'>nostrae</span> 
     </span>
     <span class='ocr_line' id='line_1_17' title="bbox 181 1434 1876 1504; baseline -0.001 -16"><span class='ocrx_word' id='word_1_116' title='bbox 181 1435 457 1488; x_wconf 82' lang='lat' dir='ltr'>codicibus</span> <span class='ocrx_word' id='word_1_117' title='bbox 498 1435 717 1488; x_wconf 91' lang='lat' dir='ltr'>obuiam</span> <span class='ocrx_word' id='word_1_118' title='bbox 756 1435 1172 1503; x_wconf 76' lang='lat' dir='ltr'>comparaueriS,</span> <span class='ocrx_word' id='word_1_119' title='bbox 1210 1452 1432 1504; x_wconf 87' lang='lat' dir='ltr'>grauem</span> <span class='ocrx_word' id='word_1_120' title='bbox 1470 1434 1647 1487; x_wconf 91' lang='lat' dir='ltr'>hercle</span> <span class='ocrx_word' id='word_1_121' title='bbox 1679 1434 1876 1487; x_wconf 86' lang='lat' dir='ltr'>discre-</span> 
     </span>
     <span class='ocr_line' id='line_1_18' title="bbox 179 1508 1877 1577; baseline -0.001 -15"><span class='ocrx_word' id='word_1_122' title='bbox 179 1509 426 1577; x_wconf 86' lang='lat' dir='ltr'>pantiam</span> <span class='ocrx_word' id='word_1_123' title='bbox 487 1508 815 1561; x_wconf 77' lang='lat' dir='ltr'>intercedere</span> <span class='ocrx_word' id='word_1_124' title='bbox 877 1508 1290 1561; x_wconf 88' lang='lat' dir='ltr'>animaduertes.</span> <span class='ocrx_word' id='word_1_125' title='bbox 1367 1511 1422 1561; x_wconf 86' lang='lat' dir='ltr'>et</span> <span class='ocrx_word' id='word_1_126' title='bbox 1473 1508 1606 1560; x_wconf 89' lang='lat' dir='ltr'>illud</span> <span class='ocrx_word' id='word_1_127' title='bbox 1660 1508 1877 1576; x_wconf 89' lang='lat' dir='ltr'>quidem</span> 
     </span>
    </p>
   </div>
   <div class='ocr_carea' id='block_1_3' title="bbox 1972 898 1992 1009">
    <p class='ocr_par' dir='ltr' id='par_1_3' title="bbox 1972 898 1992 1009">
     <span class='ocr_line' id='line_1_19' title="bbox 1972 898 1992 1009; baseline 0 -13"><span class='ocrx_word' id='word_1_128' title='bbox 1972 898 1992 1009; x_wconf 57' lang='lat' dir='ltr'>l</span> 
     </span>
    </p>
   </div>
   <div class='ocr_carea' id='block_1_4' title="bbox 1967 1086 1992 1285">
    <p class='ocr_par' dir='ltr' id='par_1_4' title="bbox 1967 1086 1992 1285">
     <span class='ocr_line' id='line_1_20' title="bbox 1967 1086 1992 1285; baseline 0 0"><span class='ocrx_word' id='word_1_129' title='bbox 1967 1086 1992 1285; x_wconf 79' lang='grc' dir='ltr'><em>Ξ</em></span> 
     </span>
    </p>
   </div>
   <div class='ocr_carea' id='block_1_5' title="bbox 1962 1290 1989 1418">
    <p class='ocr_par' dir='ltr' id='par_1_5' title="bbox 1962 1290 1989 1418">
     <span class='ocr_line' id='line_1_21' title="bbox 1962 1290 1989 1418; baseline 0 -1"><span class='ocrx_word' id='word_1_130' title='bbox 1962 1290 1989 1418; x_wconf 65' lang='lat' dir='ltr'>l</span> 
     </span>
    </p>
   </div>
   <div class='ocr_carea' id='block_1_6' title="bbox 1972 1419 1987 1562">
    <p class='ocr_par' dir='ltr' id='par_1_6' title="bbox 1968 1419 1987 1562">
     <span class='ocr_line' id='line_1_22' title="bbox 1972 1419 1987 1562; baseline 0 0"><span class='ocrx_word' id='word_1_131' title='bbox 1972 1419 1987 1562; x_wconf 62' lang='lat'>3.</span> 
     </span>
    </p>
   </div>
   <div class='ocr_carea' id='block_1_7' title="bbox 180 1578 1983 1725">
    <p class='ocr_par' dir='ltr' id='par_1_7' title="bbox 180 1578 1983 1725">
     <span class='ocr_line' id='line_1_23' title="bbox 180 1578 1983 1651; baseline -0.001 -16"><span class='ocrx_word' id='word_1_132' title='bbox 180 1583 545 1650; x_wconf 85' lang='lat' dir='ltr'>maximopere</span> <span class='ocrx_word' id='word_1_133' title='bbox 584 1582 891 1634; x_wconf 89' lang='lat' dir='ltr'>mirandum</span> <span class='ocrx_word' id='word_1_134' title='bbox 932 1586 1014 1635; x_wconf 89' lang='lat' dir='ltr'>est</span> <span class='ocrx_word' id='word_1_135' title='bbox 1051 1581 1194 1651; x_wconf 86' lang='lat' dir='ltr'>quod</span> <span class='ocrx_word' id='word_1_136' title='bbox 1233 1582 1521 1635; x_wconf 91' lang='lat' dir='ltr'>uerborum</span> <span class='ocrx_word' id='word_1_137' title='bbox 1562 1580 1877 1650; x_wconf 71' lang='lat' dir='ltr'>‘imperium</span> <span class='ocrx_word' id='word_1_138' title='bbox 1980 1578 1983 1607; x_wconf 80' lang='lat'><em>³</em></span> 
     </span>
     <span class='ocr_line' id='line_1_24' title="bbox 180 1650 1981 1725; baseline -0.001 -17"><span class='ocrx_word' id='word_1_139' title='bbox 180 1656 336 1708; x_wconf 88' lang='lat' dir='ltr'>litem</span> <span class='ocrx_word' id='word_1_140' title='bbox 379 1654 666 1709; x_wconf 89' lang='lat' dir='ltr'>Venerem&#39;</span> <span class='ocrx_word' id='word_1_141' title='bbox 715 1673 823 1724; x_wconf 76' lang='lat' dir='ltr'>eqS.</span> <span class='ocrx_word' id='word_1_142' title='bbox 862 1673 963 1708; x_wconf 89' lang='lat' dir='ltr'>nec</span> <span class='ocrx_word' id='word_1_143' title='bbox 1001 1656 1126 1709; x_wconf 87' lang='lat' dir='ltr'>uola</span> <span class='ocrx_word' id='word_1_144' title='bbox 1173 1658 1396 1724; x_wconf 88' lang='lat' dir='ltr'>apparet</span> <span class='ocrx_word' id='word_1_145' title='bbox 1435 1673 1535 1708; x_wconf 91' lang='lat' dir='ltr'>nec</span> <span class='ocrx_word' id='word_1_146' title='bbox 1583 1655 1879 1725; x_wconf 88' lang='lat' dir='ltr'>uestigium</span> <span class='ocrx_word' id='word_1_147' title='bbox 1976 1650 1981 1690; x_wconf 75' lang='lat'>·²</span> 
     </span>
    </p>
   </div>
   <div class='ocr_carea' id='block_1_8' title="bbox 180 1728 1879 1872">
    <p class='ocr_par' dir='ltr' id='par_1_8' title="bbox 180 1728 1879 1872">
     <span class='ocr_line' id='line_1_25' title="bbox 180 1728 1878 1798; baseline -0.001 -16"><span class='ocrx_word' id='word_1_148' title='bbox 180 1729 240 1782; x_wconf 89' lang='lat' dir='ltr'>in</span> <span class='ocrx_word' id='word_1_149' title='bbox 277 1729 684 1798; x_wconf 78' lang='lat' dir='ltr'>epigrammatis</span> <span class='ocrx_word' id='word_1_150' title='bbox 723 1732 891 1782; x_wconf 87' lang='lat' dir='ltr'>textu.</span> <span class='ocrx_word' id='word_1_151' title='bbox 956 1729 1049 1782; x_wconf 88' lang='lat' dir='ltr'>sed</span> <span class='ocrx_word' id='word_1_152' title='bbox 1087 1730 1135 1781; x_wconf 91' lang='lat' dir='ltr'>si</span> <span class='ocrx_word' id='word_1_153' title='bbox 1173 1729 1315 1798; x_wconf 85' lang='lat' dir='ltr'>apud</span> <span class='ocrx_word' id='word_1_154' title='bbox 1352 1728 1653 1782; x_wconf 89' lang='lat' dir='ltr'>Ausonium</span> <span class='ocrx_word' id='word_1_155' title='bbox 1697 1729 1878 1797; x_wconf 91' lang='lat' dir='ltr'>ipsum</span> 
     </span>
     <span class='ocr_line' id='line_1_26' title="bbox 180 1801 1879 1872; baseline -0.001 -17"><span class='ocrx_word' id='word_1_156' title='bbox 180 1802 320 1856; x_wconf 87' lang='lat' dir='ltr'>falso</span> <span class='ocrx_word' id='word_1_157' title='bbox 359 1803 477 1856; x_wconf 92' lang='lat' dir='ltr'>loco</span> <span class='ocrx_word' id='word_1_158' title='bbox 525 1820 588 1855; x_wconf 90' lang='lat' dir='ltr'>ea</span> <span class='ocrx_word' id='word_1_159' title='bbox 626 1805 808 1855; x_wconf 86' lang='lat' dir='ltr'>extare</span> <span class='ocrx_word' id='word_1_160' title='bbox 846 1803 1007 1872; x_wconf 91' lang='lat' dir='ltr'>inque</span> <span class='ocrx_word' id='word_1_161' title='bbox 1047 1803 1213 1855; x_wconf 87' lang='lat' dir='ltr'>alium</span> <span class='ocrx_word' id='word_1_162' title='bbox 1258 1801 1660 1870; x_wconf 87' lang='lat' dir='ltr'>transponenda</span> <span class='ocrx_word' id='word_1_163' title='bbox 1702 1805 1879 1870; x_wconf 77' lang='lat' dir='ltr'>puteS‚</span> 
     </span>
    </p>
   </div>
   <div class='ocr_carea' id='block_1_9' title="bbox 183 1875 1978 2018">
    <p class='ocr_par' dir='ltr' id='par_1_9' title="bbox 183 1875 1978 2018">
     <span class='ocr_line' id='line_1_27' title="bbox 183 1875 1978 1945; baseline -0.001 -17"><span class='ocrx_word' id='word_1_164' title='bbox 183 1876 464 1945; x_wconf 85' lang='lat' dir='ltr'>utriusque</span> <span class='ocrx_word' id='word_1_165' title='bbox 512 1876 766 1929; x_wconf 74' lang='lat' dir='ltr'>editionis</span> <span class='ocrx_word' id='word_1_166' title='bbox 811 1877 868 1928; x_wconf 92' lang='lat' dir='ltr'>in</span> <span class='ocrx_word' id='word_1_167' title='bbox 914 1876 991 1928; x_wconf 88' lang='lat' dir='ltr'>eis</span> <span class='ocrx_word' id='word_1_168' title='bbox 1040 1876 1364 1929; x_wconf 86' lang='lat' dir='ltr'>collocandis</span> <span class='ocrx_word' id='word_1_169' title='bbox 1413 1893 1705 1929; x_wconf 80' lang='lat' dir='ltr'>consensus</span> <span class='ocrx_word' id='word_1_170' title='bbox 1751 1875 1878 1928; x_wconf 91' lang='lat' dir='ltr'>huic</span> <span class='ocrx_word' id='word_1_171' title='bbox 1963 1915 1978 1938; x_wconf 34' lang='grc' dir='ltr'>Ξ,</span> 
     </span>
     <span class='ocr_line' id='line_1_28' title="bbox 184 1941 1977 2018; baseline -0.001 -15"><span class='ocrx_word' id='word_1_172' title='bbox 184 1950 428 2018; x_wconf 90' lang='lat' dir='ltr'>opinioni</span> <span class='ocrx_word' id='word_1_173' title='bbox 463 1950 672 2018; x_wconf 84' lang='lat' dir='ltr'>obstat3</span> <span class='ocrx_word' id='word_1_174' title='bbox 711 1950 1027 2018; x_wconf 87' lang='lat' dir='ltr'>uideturque</span> <span class='ocrx_word' id='word_1_175' title='bbox 1057 1949 1195 2002; x_wconf 89' lang='lat' dir='ltr'>nihil</span> <span class='ocrx_word' id='word_1_176' title='bbox 1226 1950 1452 2018; x_wconf 87' lang='lat' dir='ltr'>relinqui</span> <span class='ocrx_word' id='word_1_177' title='bbox 1484 1967 1646 2018; x_wconf 87' lang='lat' dir='ltr'>quam</span> <span class='ocrx_word' id='word_1_178' title='bbox 1675 1951 1738 2001; x_wconf 89' lang='lat' dir='ltr'>ut</span> <span class='ocrx_word' id='word_1_179' title='bbox 1768 1953 1876 2002; x_wconf 86' lang='lat' dir='ltr'>sta·</span> <span class='ocrx_word' id='word_1_180' title='bbox 1970 1941 1977 1983; x_wconf 66' lang='lat'><em>³</em></span> 
     </span>
    </p>
   </div>
   <div class='ocr_carea' id='block_1_10' title="bbox 180 2022 1973 2180">
    <p class='ocr_par' dir='ltr' id='par_1_10' title="bbox 180 2012 1992 2180">
     <span class='ocr_line' id='line_1_29' title="bbox 180 2022 1882 2092; baseline -0.002 -17"><span class='ocrx_word' id='word_1_181' title='bbox 180 2026 397 2076; x_wconf 88' lang='lat' dir='ltr'>tuamus</span> <span class='ocrx_word' id='word_1_182' title='bbox 444 2026 540 2075; x_wconf 90' lang='lat' dir='ltr'>aut</span> <span class='ocrx_word' id='word_1_183' title='bbox 583 2029 803 2092; x_wconf 84' lang='lat' dir='ltr'>poetam</span> <span class='ocrx_word' id='word_1_184' title='bbox 847 2022 1293 2092; x_wconf 79' lang='lat' dir='ltr'>Burdigalensem</span> <span class='ocrx_word' id='word_1_185' title='bbox 1347 2041 1561 2092; x_wconf 91' lang='lat' dir='ltr'>quoquo</span> <span class='ocrx_word' id='word_1_186' title='bbox 1615 2022 1776 2075; x_wconf 92' lang='lat' dir='ltr'>modo</span> <span class='ocrx_word' id='word_1_187' title='bbox 1820 2022 1882 2074; x_wconf 87' lang='lat' dir='ltr'>in</span> 
     </span>
     <span class='ocr_line' id='line_1_30' title="bbox 186 2095 1973 2180; baseline -0.001 -32"><span class='ocrx_word' id='word_1_188' title='bbox 186 2114 422 2149; x_wconf 87' lang='lat' dir='ltr'>errorem</span> <span class='ocrx_word' id='word_1_189' title='bbox 466 2096 632 2148; x_wconf 87' lang='lat' dir='ltr'>fuisse</span> <span class='ocrx_word' id='word_1_190' title='bbox 677 2097 954 2149; x_wconf 80' lang='lat' dir='ltr'>inductum</span> <span class='ocrx_word' id='word_1_191' title='bbox 1001 2100 1096 2149; x_wconf 87' lang='lat' dir='ltr'>aut</span> <span class='ocrx_word' id='word_1_192' title='bbox 1135 2098 1526 2166; x_wconf 88' lang='lat' dir='ltr'>epigrammata</span> <span class='ocrx_word' id='word_1_193' title='bbox 1563 2095 1884 2165; x_wconf 84' lang='lat' dir='ltr'>Vergiliana</span> <span class='ocrx_word' id='word_1_194' title='bbox 1969 2117 1973 2180; x_wconf 53' lang='grc' dir='ltr'><em>Ξ</em></span> 
     </span>
    </p>
   </div>
   <div class='ocr_carea' id='block_1_11' title="bbox 183 2169 1880 2238">
    <p class='ocr_par' dir='ltr' id='par_1_11' title="bbox 183 2169 1880 2238">
     <span class='ocr_line' id='line_1_31' title="bbox 183 2169 1880 2238; baseline -0.001 -17"><span class='ocrx_word' id='word_1_195' title='bbox 183 2169 378 2221; x_wconf 88' lang='lat' dir='ltr'>misere</span> <span class='ocrx_word' id='word_1_196' title='bbox 404 2169 700 2238; x_wconf 87' lang='lat' dir='ltr'>deprauata</span> <span class='ocrx_word' id='word_1_197' title='bbox 722 2170 879 2222; x_wconf 91' lang='lat' dir='ltr'>nobis</span> <span class='ocrx_word' id='word_1_198' title='bbox 909 2170 1110 2222; x_wconf 86' lang='lat' dir='ltr'>adesse.</span> <span class='ocrx_word' id='word_1_199' title='bbox 1139 2188 1267 2222; x_wconf 89' lang='lat' dir='ltr'>nam</span> <span class='ocrx_word' id='word_1_200' title='bbox 1290 2170 1485 2222; x_wconf 91' lang='lat' dir='ltr'>horum</span> <span class='ocrx_word' id='word_1_201' title='bbox 1508 2171 1688 2221; x_wconf 84' lang='lat' dir='ltr'>textus</span> <span class='ocrx_word' id='word_1_202' title='bbox 1714 2170 1880 2221; x_wconf 82' lang='lat' dir='ltr'>etiam</span> 
     </span>
    </p>
   </div>
   <div class='ocr_carea' id='block_1_12' title="bbox 187 2236 1972 2385">
    <p class='ocr_par' dir='ltr' id='par_1_12' title="bbox 187 2236 1972 2386">
     <span class='ocr_line' id='line_1_32' title="bbox 187 2236 1972 2312; baseline 0 -18"><span class='ocrx_word' id='word_1_203' title='bbox 187 2241 278 2294; x_wconf 70' lang='lat' dir='ltr'>‘al&#39;</span> <span class='ocrx_word' id='word_1_204' title='bbox 318 2242 693 2295; x_wconf 86' lang='lat' dir='ltr'>Ausonianum</span> <span class='ocrx_word' id='word_1_205' title='bbox 735 2243 896 2310; x_wconf 90' lang='lat' dir='ltr'>plane</span> <span class='ocrx_word' id='word_1_206' title='bbox 937 2243 1160 2311; x_wconf 88' lang='lat' dir='ltr'>omittit,</span> <span class='ocrx_word' id='word_1_207' title='bbox 1206 2243 1454 2312; x_wconf 91' lang='lat' dir='ltr'>idemque</span> <span class='ocrx_word' id='word_1_208' title='bbox 1500 2260 1599 2310; x_wconf 92' lang='lat' dir='ltr'>pro</span> <span class='ocrx_word' id='word_1_209' title='bbox 1647 2241 1752 2294; x_wconf 71' lang='lat' dir='ltr'>‘sil&#39;</span> <span class='ocrx_word' id='word_1_210' title='bbox 1794 2260 1882 2294; x_wconf 89' lang='lat' dir='ltr'>ex·</span> <span class='ocrx_word' id='word_1_211' title='bbox 1965 2236 1972 2259; x_wconf 67' lang='lat'>‘³</span> 
     </span>
     <span class='ocr_line' id='line_1_33' title="bbox 187 2314 1883 2385; baseline 0 -18"><span class='ocrx_word' id='word_1_212' title='bbox 187 2315 340 2368; x_wconf 89' lang='lat' dir='ltr'>hibet</span> <span class='ocrx_word' id='word_1_213' title='bbox 365 2314 538 2384; x_wconf 81' lang='lat' dir='ltr'>‘spin&#39;.</span> <span class='ocrx_word' id='word_1_214' title='bbox 577 2316 909 2385; x_wconf 82' lang='lat' dir='ltr'>intellegitur</span> <span class='ocrx_word' id='word_1_215' title='bbox 934 2335 1028 2368; x_wconf 84' lang='lat' dir='ltr'>cur</span> <span class='ocrx_word' id='word_1_216' title='bbox 1049 2317 1281 2369; x_wconf 90' lang='lat' dir='ltr'>Ausonii</span> <span class='ocrx_word' id='word_1_217' title='bbox 1303 2316 1614 2368; x_wconf 88' lang='lat' dir='ltr'>testimonio</span> <span class='ocrx_word' id='word_1_218' title='bbox 1637 2315 1883 2384; x_wconf 86' lang='lat' dir='ltr'>pleniore</span> 
     </span>
    </p>
   </div>
   <div class='ocr_carea' id='block_1_13' title="bbox 190 2389 1880 2459">
    <p class='ocr_par' dir='ltr' id='par_1_13' title="bbox 190 2389 1880 2459">
     <span class='ocr_line' id='line_1_34' title="bbox 190 2389 1880 2459; baseline 0 -19"><span class='ocrx_word' id='word_1_219' title='bbox 190 2390 266 2441; x_wconf 91' lang='lat' dir='ltr'>uti</span> <span class='ocrx_word' id='word_1_220' title='bbox 297 2389 568 2442; x_wconf 84' lang='lat' dir='ltr'>noluerint</span> <span class='ocrx_word' id='word_1_221' title='bbox 591 2389 737 2442; x_wconf 91' lang='lat' dir='ltr'>docti</span> <span class='ocrx_word' id='word_1_222' title='bbox 767 2390 1098 2459; x_wconf 84' lang='lat' dir='ltr'>mutatisque</span> <span class='ocrx_word' id='word_1_223' title='bbox 1129 2389 1251 2442; x_wconf 89' lang='lat' dir='ltr'>inde</span> <span class='ocrx_word' id='word_1_224' title='bbox 1279 2389 1460 2442; x_wconf 90' lang='lat' dir='ltr'>uerbis</span> <span class='ocrx_word' id='word_1_225' title='bbox 1486 2407 1699 2441; x_wconf 89' lang='lat' dir='ltr'>carmen</span> <span class='ocrx_word' id='word_1_226' title='bbox 1729 2392 1880 2441; x_wconf 89' lang='lat' dir='ltr'>tene-</span> 
     </span>
    </p>
   </div>
   <div class='ocr_carea' id='block_1_14' title="bbox 187 2462 1967 2532">
    <p class='ocr_par' dir='ltr' id='par_1_14' title="bbox 187 2462 1967 2532">
     <span class='ocr_line' id='line_1_35' title="bbox 187 2462 1967 2532; baseline 0 -18"><span class='ocrx_word' id='word_1_227' title='bbox 187 2462 456 2516; x_wconf 89' lang='lat' dir='ltr'>bricosum</span> <span class='ocrx_word' id='word_1_228' title='bbox 495 2463 767 2515; x_wconf 88' lang='lat' dir='ltr'>illustrare</span> <span class='ocrx_word' id='word_1_229' title='bbox 807 2481 863 2515; x_wconf 88' lang='lat' dir='ltr'>se</span> <span class='ocrx_word' id='word_1_230' title='bbox 902 2481 1059 2532; x_wconf 90' lang='lat' dir='ltr'>posse</span> <span class='ocrx_word' id='word_1_231' title='bbox 1097 2462 1435 2532; x_wconf 81' lang='lat' dir='ltr'>putauerint3</span> <span class='ocrx_word' id='word_1_232' title='bbox 1477 2462 1569 2515; x_wconf 91' lang='lat' dir='ltr'>sed</span> <span class='ocrx_word' id='word_1_233' title='bbox 1607 2462 1778 2514; x_wconf 89' lang='lat' dir='ltr'>eidem</span> <span class='ocrx_word' id='word_1_234' title='bbox 1818 2466 1880 2514; x_wconf 89' lang='lat' dir='ltr'>ut</span> <span class='ocrx_word' id='word_1_235' title='bbox 1961 2467 1967 2528; x_wconf 65' lang='lat' dir='ltr'>j</span> 
     </span>
    </p>
   </div>
   <div class='ocr_carea' id='block_1_15' title="bbox 186 2535 1881 2605">
    <p class='ocr_par' dir='ltr' id='par_1_15' title="bbox 186 2535 1881 2605">
     <span class='ocr_line' id='line_1_36' title="bbox 186 2535 1881 2605; baseline 0 -18"><span class='ocrx_word' id='word_1_236' title='bbox 186 2535 415 2603; x_wconf 89' lang='lat' dir='ltr'>posthac</span> <span class='ocrx_word' id='word_1_237' title='bbox 458 2536 540 2588; x_wconf 92' lang='lat' dir='ltr'>illi</span> <span class='ocrx_word' id='word_1_238' title='bbox 586 2536 890 2589; x_wconf 89' lang='lat' dir='ltr'>adhibendo</span> <span class='ocrx_word' id='word_1_239' title='bbox 937 2540 1162 2605; x_wconf 87' lang='lat' dir='ltr'>parcant</span> <span class='ocrx_word' id='word_1_240' title='bbox 1209 2537 1483 2589; x_wconf 87' lang='lat' dir='ltr'>suaserim.</span> <span class='ocrx_word' id='word_1_241' title='bbox 1546 2535 1741 2587; x_wconf 86' lang='lat' dir='ltr'>etenim</span> <span class='ocrx_word' id='word_1_242' title='bbox 1790 2535 1881 2588; x_wconf 86' lang='lat' dir='ltr'>hic</span> 
     </span>
    </p>
   </div>
   <div class='ocr_carea' id='block_1_16' title="bbox 187 2608 1965 2679">
    <p class='ocr_par' dir='ltr' id='par_1_16' title="bbox 187 2608 1965 2679">
     <span class='ocr_line' id='line_1_37' title="bbox 187 2608 1965 2679; baseline 0.001 -19"><span class='ocrx_word' id='word_1_243' title='bbox 187 2608 445 2663; x_wconf 88' lang='lat' dir='ltr'>maiorem</span> <span class='ocrx_word' id='word_1_244' title='bbox 467 2609 628 2661; x_wconf 90' lang='lat' dir='ltr'>fidem</span> <span class='ocrx_word' id='word_1_245' title='bbox 657 2627 775 2662; x_wconf 90' lang='lat' dir='ltr'>esse</span> <span class='ocrx_word' id='word_1_246' title='bbox 805 2628 969 2678; x_wconf 91' lang='lat' dir='ltr'>penes</span> <span class='ocrx_word' id='word_1_247' title='bbox 1001 2611 1452 2679; x_wconf 86' lang='lat' dir='ltr'>epigrammatum</span> <span class='ocrx_word' id='word_1_248' title='bbox 1483 2609 1692 2662; x_wconf 89' lang='lat' dir='ltr'>codices</span> <span class='ocrx_word' id='word_1_249' title='bbox 1718 2627 1880 2677; x_wconf 88' lang='lat' dir='ltr'>quam</span> <span class='ocrx_word' id='word_1_250' title='bbox 1963 2632 1965 2653; x_wconf 81' lang='lat'><em>÷</em></span> 
     </span>
    </p>
   </div>
   <div class='ocr_carea' id='block_1_17' title="bbox 185 2681 1885 2826">
    <p class='ocr_par' dir='ltr' id='par_1_17' title="bbox 185 2681 1885 2826">
     <span class='ocr_line' id='line_1_38' title="bbox 185 2681 1883 2753; baseline 0 -18"><span class='ocrx_word' id='word_1_251' title='bbox 185 2699 354 2750; x_wconf 85' lang='lat' dir='ltr'>penes</span> <span class='ocrx_word' id='word_1_252' title='bbox 378 2681 695 2751; x_wconf 86' lang='lat' dir='ltr'>Ausonium,</span> <span class='ocrx_word' id='word_1_253' title='bbox 727 2686 871 2737; x_wconf 84' lang='lat' dir='ltr'>certo</span> <span class='ocrx_word' id='word_1_254' title='bbox 903 2684 1179 2753; x_wconf 84' lang='lat' dir='ltr'>colligitur</span> <span class='ocrx_word' id='word_1_255' title='bbox 1202 2684 1324 2736; x_wconf 89' lang='lat' dir='ltr'>inde</span> <span class='ocrx_word' id='word_1_256' title='bbox 1348 2683 1489 2752; x_wconf 92' lang='lat' dir='ltr'>quod</span> <span class='ocrx_word' id='word_1_257' title='bbox 1514 2681 1883 2744; x_wconf 85' lang='lat' dir='ltr'>Quintilianus</span> 
     </span>
     <span class='ocr_line' id='line_1_39' title="bbox 192 2754 1885 2826; baseline -0.001 -17"><span class='ocrx_word' id='word_1_258' title='bbox 192 2754 281 2821; x_wconf 86' lang='lat' dir='ltr'>[cf.</span> <span class='ocrx_word' id='word_1_259' title='bbox 319 2755 519 2808; x_wconf 88' lang='lat' dir='ltr'>testim.</span> <span class='ocrx_word' id='word_1_260' title='bbox 556 2756 623 2808; x_wconf 87' lang='lat' dir='ltr'>ad</span> <span class='ocrx_word' id='word_1_261' title='bbox 655 2757 821 2826; x_wconf 87' lang='lat' dir='ltr'>epigr.</span> <span class='ocrx_word' id='word_1_262' title='bbox 853 2756 931 2824; x_wconf 92' lang='lat' dir='ltr'>II]</span> <span class='ocrx_word' id='word_1_263' title='bbox 970 2775 1142 2826; x_wconf 85' lang='lat' dir='ltr'>paene</span> <span class='ocrx_word' id='word_1_264' title='bbox 1182 2757 1367 2810; x_wconf 88' lang='lat' dir='ltr'>eadem</span> <span class='ocrx_word' id='word_1_265' title='bbox 1406 2774 1527 2810; x_wconf 89' lang='lat' dir='ltr'>cum</span> <span class='ocrx_word' id='word_1_266' title='bbox 1564 2755 1673 2807; x_wconf 88' lang='lat' dir='ltr'>illis</span> <span class='ocrx_word' id='word_1_267' title='bbox 1712 2756 1885 2808; x_wconf 82' lang='lat' dir='ltr'>uerba</span> 
     </span>
    </p>
   </div>
   <div class='ocr_carea' id='block_1_18' title="bbox 185 2828 1960 2899">
    <p class='ocr_par' dir='ltr' id='par_1_18' title="bbox 185 2828 1960 2899">
     <span class='ocr_line' id='line_1_40' title="bbox 185 2828 1960 2899; baseline 0.001 -19"><span class='ocrx_word' id='word_1_268' title='bbox 185 2828 413 2897; x_wconf 84' lang='lat' dir='ltr'>praebet</span> <span class='ocrx_word' id='word_1_269' title='bbox 456 2847 507 2880; x_wconf 91' lang='lat' dir='ltr'>u.</span> <span class='ocrx_word' id='word_1_270' title='bbox 547 2829 581 2881; x_wconf 88' lang='lat'><strong>3</strong></span> <span class='ocrx_word' id='word_1_271' title='bbox 628 2833 719 2882; x_wconf 79' lang='lat' dir='ltr'>tan</span> <span class='ocrx_word' id='word_1_272' title='bbox 759 2831 1007 2897; x_wconf 68' lang='lat' dir='ltr'>,qallicum</span> <span class='ocrx_word' id='word_1_273' title='bbox 1049 2832 1163 2884; x_wconf 86' lang='lat' dir='ltr'>min</span> <span class='ocrx_word' id='word_1_274' title='bbox 1206 2835 1256 2884; x_wconf 76' lang='lat' dir='ltr'>et</span> <span class='ocrx_word' id='word_1_275' title='bbox 1296 2831 1415 2899; x_wconf 76' lang='lat' dir='ltr'>spin</span> <span class='ocrx_word' id='word_1_276' title='bbox 1463 2834 1510 2882; x_wconf 79' lang='lat' dir='ltr'>et</span> <span class='ocrx_word' id='word_1_277' title='bbox 1552 2828 1687 2882; x_wconf 88' lang='lat' dir='ltr'>male</span> <span class='ocrx_word' id='word_1_278' title='bbox 1728 2829 1886 2882; x_wconf 76' lang='lat' dir='ltr'>illisit</span> <span class='ocrx_word' id='word_1_279' title='bbox 1957 2841 1960 2848; x_wconf 66' lang='lat'><strong>⁴</strong></span> 
     </span>
    </p>
   </div>
   <div class='ocr_carea' id='block_1_19' title="bbox 190 2899 1886 2971">
    <p class='ocr_par' dir='ltr' id='par_1_19' title="bbox 190 2899 1886 2971">
     <span class='ocr_line' id='line_1_41' title="bbox 190 2899 1886 2971; baseline -0.001 -16"><span class='ocrx_word' id='word_1_280' title='bbox 190 2899 341 2971; x_wconf 83' lang='lat' dir='ltr'>(nam</span> <span class='ocrx_word' id='word_1_281' title='bbox 374 2902 510 2955; x_wconf 84' lang='lat' dir='ltr'>enim</span> <span class='ocrx_word' id='word_1_282' title='bbox 539 2902 801 2955; x_wconf 87' lang='lat' dir='ltr'>librorum</span> <span class='ocrx_word' id='word_1_283' title='bbox 825 2902 1314 2966; x_wconf 79' lang='lat' dir='ltr'>Quintilianeorum</span> <span class='ocrx_word' id='word_1_284' title='bbox 1343 2902 1623 2956; x_wconf 89' lang='lat' dir='ltr'>lenissima</span> <span class='ocrx_word' id='word_1_285' title='bbox 1653 2905 1738 2955; x_wconf 89' lang='lat' dir='ltr'>est</span> <span class='ocrx_word' id='word_1_286' title='bbox 1767 2919 1886 2955; x_wconf 83' lang='lat' dir='ltr'>cor·</span> 
     </span>
    </p>
   </div>
   <div class='ocr_carea' id='block_1_20' title="bbox 1967 2055 1992 3238">
    <p class='ocr_par' dir='ltr' id='par_1_20' title="bbox 1967 2055 1992 3238">
     <span class='ocr_line' id='line_1_42' title="bbox 1967 2055 1992 3238; baseline 0 0"><span class='ocrx_word' id='word_1_287' title='bbox 1967 2055 1992 3238; x_wconf 95' lang='lat' dir='ltr'> </span> 
     </span>
    </p>
   </div>
  </div>
 </body>
</html>
