1992 3238
152 196 220 247 12
763 193 884 239 xv1.
916 193 1228 239 APPENDIX

150 348 286 383 saec.
303 329 369 398 X,
395 348 427 382 a
451 328 542 381 fol.
567 329 595 379 1
622 329 748 396 post
770 327 906 381 illud
932 329 1182 397 Viryilins
1203 345 1390 397 maqno
1413 329 1710 398 praemisso
1738 329 1840 383 hoc

147 404 307 456 titulo
353 402 632 455 Poetarum
685 402 1056 469 sapientissimi
1100 402 1284 470 Pnplii
1338 403 1549 470 Viryilii
1600 403 1845 456 Maronis

149 476 481 543 condiscipuli
521 472 799 528 Octauiani
833 476 1060 544 Auynsti
1106 477 1290 529 mnndi
1334 476 1660 543 imperatoris
1703 477 1845 529 iune-

149 549 289 603 nalis
327 549 439 601 ludi
477 548 675 602 libellus
711 549 896 618 incipit
938 549 1164 618 praebet
1204 549 1393 602 eodem
1432 548 1616 601 ordine
1656 549 1842 603 eadem

152 639 285 691 quae
316 620 358 674 B
398 622 674 691 opuscula,
712 622 1003 691 itidemque
1034 622 1304 675 Moretum
1344 622 1619 692 excipiunt
1654 640 1844 675 uersus

150 696 358 763 Eryone
402 694 674 763 supremis
701 698 755 748 et
800 695 1069 749 Bucolica.
1147 695 1410 765 codicem,
1460 696 1610 748 cuius
1664 696 1845 748 uarias

155 769 416 822 lectiones
443 787 507 822 ex
532 767 731 838 Silligii
755 769 1062 822 conlatione
1086 785 1278 821 manca
1302 769 1440 839 siglo
1463 770 1518 822 A
1547 787 1676 822 usus
1701 769 1848 822 dedit

154 841 502 910 Ribbeckius,
539 843 596 894 in
635 842 827 895 ceteris
866 842 954 895 hic
993 843 1105 895 illic
1145 843 1511 895 examinatum
1554 843 1727 895 denuo
1766 844 1845 896 in-

149 919 364 985 tegrum
399 915 605 968 contuli
635 916 692 967 in
725 914 873 968 Diris
907 918 961 968 et
993 913 1159 986 Oopa‚
1197 916 1255 967 in
1288 915 1482 984 quibus
1517 916 1628 969 eius
1660 916 1841 969 uarias

154 989 409 1042 lectiones
450 988 726 1057 adscripsi.

299 1061 365 1131 Τ,
402 1061 679 1115 Parisinus
720 1062 882 1132 8069,
922 1062 1053 1116 olim
1094 1062 1408 1132 Thuaneus,
1449 1080 1585 1115 saec.
1622 1061 1843 1128 X—-XI,

153 1139 280 1204 post
318 1136 557 1205 genuina
587 1134 822 1203 Vergilii
854 1154 1017 1204 opera
1055 1136 1275 1205 eiusque
1314 1137 1486 1189 uitam
1516 1135 1847 1189 Bernensem

151 1212 206 1261 et
250 1209 384 1261 illud
432 1208 683 1276 Vir-cilius
719 1226 906 1276 mayno
943 1208 1036 1262 fol.
1080 1209 1262 1261 114—
1281 1210 1383 1262 121
1435 1208 1621 1262 eodem
1661 1210 1752 1279 qui
1790 1211 1848 1262 in

150 1281 190 1335 P
228 1281 460 1335 habetur
496 1282 659 1335 titulo
699 1282 997 1350 praemisso
1031 1279 1272 1336 Culicem
1312 1285 1594 1351 ceteraque
1633 1301 1770 1352 quae
1807 1282 1848 1335 B

152 1358 207 1409 et
235 1354 276 1407 P
309 1355 552 1408 'carmina
590 1355 776 1408 ordine
806 1374 917 1409 non
956 1357 1224 1409 inmutato
1265 1356 1497 1409 exhibet.
1559 1356 1848 1426 diligenter

151 1430 215 1481 de
248 1447 310 1482 eo
351 1429 602 1482 disseruit
631 1428 962 1482 R-ibbeckius
998 1430 1188 1498 [praef.
1218 1448 1268 1498 p.
1303 1430 1371 1483 28
1401 1431 1556 1499 sqq.].
1617 1430 1674 1482 in
1697 1429 1845 1483 Diris

151 1503 346 1556 iterum
387 1503 598 1556 excussi
638 1521 683 1556 a.
727 1503 885 1556 1875.

298 1575 580 1629 Parisinus
614 1576 758 1629 8093
792 1580 919 1646 post
951 1576 1059 1630 alia
1089 1576 1330 1629 carmina
1359 1575 1452 1630 fol.
1477 1576 1549 1629 60
1561 1576 1701 1630 -68
1735 1594 1849 1629 sae-

152 1650 259 1703 culi
288 1648 368 1703 XI
406 1650 501 1703 illo
543 1650 793 1718 Viryilius
826 1667 1013 1718 mayno
1050 1650 1349 1719 praemisso
1383 1648 1607 1703 Culicem
1638 1652 1693 1702 et
1723 1652 1848 1719 post

158 1723 302 1776 hunc
339 1723 435 1776 illa
466 1723 627 1776 Nocte
655 1724 798 1791 pluit
833 1728 940 1777 tota
978 1726 1032 1776 et
1068 1724 1195 1777 Hos
1224 1741 1310 1791 eqo
1347 1723 1624 1777 uersiculos
1663 1726 1716 1776 et
1745 1723 1850 1777 Sus

150 1797 356 1850 iuuenis
391 1814 595 1865 serpens
633 1796 720 1867 (de
761 1797 958 1866 quibus
998 1798 1065 1850 cf.
1103 1797 1208 1850 uol.
1247 1794 1351 1867 IV)
1393 1800 1447 1850 et
1481 1797 1666 1863 Qualis
1702 1797 1844 1850 buco-

157 1871 292 1940 lici83
332 1870 524 1923 deinde
554 1889 683 1924 uero
723 1870 816 1924 fol.
849 1871 919 1924 69
946 1889 1058 1940 sqq.
1099 1870 1299 1923 saeculi
1328 1870 1380 1924 X
1417 1871 1601 1939 Dira-5,
1640 1870 1848 1938 Copam,

154 1943 258 1998 Est
292 1948 342 1997 ct
378 1945 515 2013 Non,
563 1945 746 1998 Virum
784 1945 994 2009 bonnm,
1032 1944 1290 2013 Roscium,
1326 1945 1588 1998 Morctnm
1626 1947 1681 1998 et
1717 1944 1851 1997 illud

156 2019 364 2086 Ergone
386 2019 642 2086 supremis
672 2019 882 2087 aliaque
914 2018 1094 2071 habet.
1147 2018 1391 2070 uidemus
1415 2018 1583 2088 igitur
1605 2018 1851 2088 syllogen

157 2092 216 2144 in
253 2092 409 2144 initio
449 2109 698 2144 mancam
736 2094 926 2161 postea
966 2110 1100 2145 saec.
1139 2091 1218 2144 XI
1257 2092 1563 2160 suppletam
1603 2109 1719 2144 esse
1759 2091 1850 2143 ad-

159 2165 300 2218 iecto
341 2163 523 2218 Oulice
563 2168 617 2218 et
654 2168 936 2233 praeterea
982 2165 1173 2218 alienis
1222 2164 1541 2234 quibusdam
1579 2164 1850 2218 admixtis.

154 2239 212 2291 in
259 2237 442 2292 Oulice
488 2257 553 2292 ex
601 2237 802 2308 Silligii
848 2239 1018 2308 copiis
1064 2238 1124 2292 E
1165 2238 1303 2308 siglo
1350 2257 1479 2292 usus
1528 2239 1849 2292 uarietatem

156 2311 304 2365 dedit
351 2311 703 2380 Ribbeokius‚
756 2313 816 2365 in
867 2313 1061 2366 ceteris
1116 2312 1539 2365 communicauit
1585 2311 1847 2381 Iosephus

152 2385 400 2439 Kleinius
432 2386 606 2438 musei
636 2386 888 2439 Rhenani
919 2387 1026 2439 uol.
1056 2384 1240 2439 XXIV
1269 2403 1397 2457 pgg.
1430 2386 1540 2439 610
1563 2404 1700 2455 sqq.;
1734 2386 1848 2454 ipse

159 2459 398 2512 codicem
438 2459 569 2512 olim
609 2460 800 2514 euolui.

307 2531 662 2601 Augustanus
675 2532 760 2603 (ut
774 2534 992 2587 uocauit
1002 2531 1245 2586 Naekius
1258 2532 1380 2586 Val.
1393 2531 1511 2586 Cat.
1521 2550 1573 2616 p.
1585 2531 1693 2586 356
1709 2532 1846 2603 sqq.)

159 2605 272 2659 siue
303 2606 485 2674 potius
509 2606 843 2660 Treuirensis
877 2624 1013 2661 saec.
1045 2605 1142 2675 XI,
1171 2608 1378 2660 formae
1409 2606 1690 2676 maximae,
1719 2611 1848 2674 post

161 2677 407 2732 Seruium
446 2680 755 2733 mutilatum
794 2683 849 2733 et
883 2680 1150 2734 Prisciani
1186 2680 1508 2749 partitiones
1547 2680 1656 2731 iam
1696 2679 1848 2748 quin-

161 2770 262 2821 que
300 2753 358 2804 in
395 2752 543 2806 foliis
581 2754 881 2822 praemissa
917 2754 1033 2806 uita
1063 2753 1327 2807 Bernensi
1368 2757 1423 2807 et
1458 2753 1554 2806 illo
1599 2752 1849 2821 Viryilius

158 2843 346 2894 maqno
371 2826 550 2879 omnia
575 2828 834 2895 opuscula
855 2828 1014 2881 titulo
1040 2846 1138 2881 suo
1166 2828 1223 2880 in
1253 2827 1432 2882 fronte
1463 2829 1657 2880 ornata
1682 2844 1849 2894 aeque

159 2917 220 2952 ac
258 2898 298 2952 B
322 2898 362 2952 P
389 2899 428 2952 'I'
483 2900 665 2954 habet.
742 2901 798 2955 in
854 2899 1002 2954 Diris
1057 2901 1237 2955 uarias
1289 2901 1548 2955 lectiones
1607 2899 1849 2952 exhibuit
