1992 3238
814 190 868 234 V.
912 191 1078 236 CIBIS.
1684 189 1790 242 129

105 327 307 381 Felices
349 326 439 396 qui
477 325 644 378 talem
683 342 882 376 annum
919 324 1102 378 uidere
1142 325 1408 396 diemque:

102 401 253 471 Ergo
293 399 566 452 Palladiae
604 400 859 451 texuntur
895 397 951 449 in
991 398 1174 450 ordine
1212 416 1450 469 pugnae,

102 474 306 543 Magna
347 471 628 542 Giganteis
669 473 929 524 ornantur
966 471 1126 539 pepla
1163 474 1426 542 tropaeis,
1732 486 1790 526 30

102 547 340 601 Horrida
379 546 674 616 sanguinea
710 544 1010 613 pinguntur
1050 545 1256 612 proelia
1295 545 1501 615 GorgO,

103 621 336 674 Additur
377 623 566 672 aurata
605 618 841 671 deiectus
883 617 1100 686 cuspide
1140 617 1354 686 Typh0‚

103 694 210 757 Qui
248 694 419 763 priuS,
459 691 678 746 Ossaeis
720 694 1068 745 consternens
1109 691 1327 744 aethera
1366 692 1508 744 saxis
1519 734 1533 761 ,

102 767 360 821 Emathio
401 766 602 819 celsum
640 765 941 834 duplicarat
979 765 1179 818 uertice
1218 764 1528 834 Olympum.

102 841 234 894 Tale
274 840 403 893 deae
443 840 625 892 uelum
666 839 915 892 sollemni
952 841 1193 907 tempore
1232 841 1476 908 portant3
1735 852 1791 892 35

108 914 230 967 Tali
268 917 322 966 te
361 914 579 982 uellem,
618 913 872 965 iuuenum
912 912 1241 982 doctissime,
1278 913 1387 966 ritu

104 988 410 1056 Purpureos
450 987 591 1039 inter
631 987 771 1039 soles
811 989 865 1038 et
904 986 1130 1038 candida
1167 987 1328 1039 lunae

106 1059 317 1130 Sidera,
357 1060 615 1114 caeruleis
657 1060 841 1112 orbem
880 1060 1152 1128 pulsantia
1190 1060 1357 1131 bigis,

102 1134 346 1188 Naturae
384 1152 563 1186 rerum
600 1134 814 1203 magnis
853 1134 1088 1186 intexere
1129 1135 1290 1187 cartis
1298 1176 1312 1203 ,

103 1207 400 1261 Aeternum
439 1210 500 1259 ut
537 1207 759 1276 sophiae
798 1207 1141 1260 coniunctum
1180 1208 1416 1260 carmine
1453 1225 1651 1261 nomen
1735 1219 1792 1260 40

102 1281 307 1335 Nostra
344 1285 498 1334 tuum
538 1281 755 1334 senibus
794 1282 1102 1350 loqueretur
1139 1282 1344 1352 pagina
1383 1281 1590 1334 saeclis.

105 1354 209 1408 Sed
241 1355 496 1425 quoniam
520 1355 587 1407 ad
611 1357 791 1408 tantas
819 1372 960 1407 nunc
991 1355 1225 1423 primum
1257 1355 1533 1408 nascimur
1565 1357 1720 1424 artes,

102 1427 260 1482 Nunc
299 1430 535 1498 primum
575 1431 789 1481 teneros
829 1428 1106 1480 firmamus
1145 1429 1338 1482 robore
1376 1446 1597 1482 neruos:

102 1501 254 1556 Haec
284 1506 469 1555 tamen
500 1502 719 1571 interea,
759 1520 893 1570 quae
925 1520 1228 1571 possumus,
1266 1503 1323 1554 in
1353 1502 1549 1571 quibus
1583 1501 1702 1554 aeui
1757 1527 1760 1529 >

102 1576 287 1629 Prima
323 1576 628 1629 rudimenta
667 1579 721 1628 et
758 1576 980 1628 iuuenes
1022 1576 1296 1645 exegimus
1338 1593 1529 1644 annOS,
1737 1587 1794 1628 45

104 1650 305 1718 Accipe
346 1650 488 1702 dona
526 1668 646 1702 meo
686 1649 915 1701 multum
955 1649 1186 1719 uigilata
1223 1649 1430 1718 labore,

103 1723 379 1776 Promissa
419 1726 577 1792 atque
618 1723 709 1775 diu
748 1723 859 1775 iam
898 1723 1118 1775 tandem
1158 1723 1379 1776 exordia
1417 1740 1594 1775 curae:

103 1796 278 1866 Impia
315 1797 577 1865 prodigiis
616 1799 678 1849 ut
716 1796 987 1866 quondam
1027 1797 1282 1849 exterrita
1323 1797 1521 1849 amoris

223 2034 279 2074 28
311 2030 457 2074 talem
490 2029 571 2086 qui
600 2034 639 2072 R.
669 2030 685 2086 ΙΙ
714 2034 770 2074 29
802 2030 1022 2073 texuntur
1051 2034 1140 2072 La:
1182 2030 1398 2074 texentur
1428 2033 1563 2072 AER
1593 2030 1609 2086 ss
1640 2034 1696 2073 30
1728 2029 1795 2086 gi-

104 2090 269 2156 gantes
293 2092 335 2130 Η
359 2103 415 2133 m.
441 2093 466 2132 1
497 2090 503 2146 Ι
530 2088 741 2145 tropheis
774 2092 910 2131 ΑΗΒ.
932 2089 948 2144 ΙΙ
971 2093 1026 2132 31
1061 2088 1318 2145 sanguinea
1344 2115 1397 2120 —-
1424 2088 1579 2145 Gorgo
1610 2089 1796 2144 scripsi.

105 2147 360 2204 sanguineo
385 2152 440 2202 0,
476 2153 573 2191 tum
604 2161 737 2192 corco
761 2151 803 2190 Η
834 2161 967 2192 socco
999 2151 1085 2190 AB
1116 2161 1253 2192 cocco
1285 2153 1354 2190 La
1386 2162 1524 2192 succo
1555 2148 1652 2192 edd.
1686 2151 1797 2201 ant„

107 2207 228 2250 unde
259 2205 365 2251 fuco
397 2207 622 2251 Heinsius
651 2207 666 2262 ΙΙ
698 2211 752 2251 32
786 2205 993 2251 deiectus
1025 2207 1184 2262 uulyo:
1218 2207 1426 2251 delectus
1459 2210 1490 2249 0
1534 2207 1540 2262 Ι
1581 2207 1733 2262 typho
1764 2211 1796 2248 L

103 2265 271 2322 thipho
296 2269 357 2308 11:
383 2266 563 2322 typhon
586 2270 672 2308 AB.
694 2266 710 2322 ΙΙ
733 2271 789 2310 33
823 2265 963 2310 osseis
989 2269 1019 2308 0
1044 2267 1060 2322 ΙΙ
1084 2270 1141 2309 34
1165 2265 1412 2310 Aemathio
1437 2270 1469 2307 L
1498 2267 1503 2320 Ι
1533 2265 1799 2321 duplicarat

104 2325 289 2380 scripsi:
323 2325 596 2381 duplicabat
624 2328 654 2367 0
679 2326 695 2381 ΙΙ
719 2329 773 2369 35
807 2325 1003 2369 solemni
1033 2328 1121 2367 HR
1153 2324 1444 2381 solempniA
1471 2326 1478 2380 Ι
1504 2324 1555 2368 in
1585 2326 1797 2380 tempore

105 2388 137 2425 L
165 2384 171 2438 Ι
198 2385 386 2439 portent
417 2387 475 2439 A,
507 2397 620 2428 corr.
654 2399 682 2426 a
711 2385 727 2439 ΙΙ
758 2388 815 2428 36
845 2384 988 2428 uelim
1020 2387 1105 2426 AR
1134 2385 1150 2439 Η
1181 2388 1236 2428 38
1270 2383 1377 2439 Syd.
1410 2387 1538 2426 ΔΕΒ.
1573 2383 1578 2436 Ι
1615 2382 1794 2440 orbem]

106 2442 287 2486 caelum
318 2448 350 2485 L
386 2443 392 2499 Ι
425 2441 569 2500 bigis]
603 2442 746 2499 signis
778 2447 811 2485 L
843 2447 896 2499 et,
929 2447 980 2486 ut
1010 2443 1124 2498 uid„
1156 2457 1182 2484 a
1213 2443 1228 2498 ΙΙ
1260 2448 1315 2487 39
1347 2455 1512 2486 uerum
1542 2448 1580 2485 R
1614 2442 1620 2498 Ι
1658 2441 1796 2485 cartis

106 2505 213 2543 An:
252 2501 427 2546 chartis
459 2506 538 2545 LR
567 2501 583 2558 ΙΙ
613 2505 670 2546 40
702 2502 756 2544 ut
787 2502 892 2546 add.
926 2502 1034 2546 Nic.
1067 2501 1278 2545 Loe‘nsis:
1312 2514 1394 2546 om.
1430 2505 1460 2542 0
1499 2501 1515 2556 ss
1553 2504 1609 2544 41
1641 2500 1795 2558 tuum]

105 2561 260 2604 tecum
291 2565 374 2604 AB.
401 2562 407 2614 Ι
436 2562 704 2616 sequeretur
731 2565 764 2602 L
786 2561 802 2617 ΙΙ
825 2564 881 2604 45
914 2573 996 2604 om.
1021 2565 1061 2602 B
1087 2561 1094 2615 Ι
1120 2559 1311 2604 iuuenes
1343 2563 1451 2602 AB:
1484 2559 1658 2616 primos
1689 2563 1760 2601 La
1787 2559 1792 2616 1

107 2617 336 2673 exigimus
368 2623 449 2661 HL
480 2621 495 2676 ss
527 2624 582 2663 47
615 2619 847 2663 Promissa
877 2621 1018 2675 atque
1051 2619 1132 2662 diu
1163 2622 1317 2661 AER:
1350 2619 1413 2663 Et
1442 2617 1672 2674 promissa
1702 2617 1795 2661 tuis

107 2683 178 2720 La
207 2678 558 2734 Promissaeque
584 2678 663 2722 diu
687 2677 961 2722 Ribbeckius
988 2681 993 2733 1
1020 2677 1115 2721 iam
1138 2677 1348 2735 tandem]
1374 2691 1468 2721 non
1491 2690 1664 2734 magna
1691 2682 1761 2719 La
1789 2676 1794 2734 ξ

107 2736 297 2781 exordia
343 2752 478 2782 curae
517 2738 702 2793 scripsi:
751 2737 940 2781 exordia
978 2737 1115 2780 rebus
1146 2741 1236 2792 La,
1284 2750 1366 2781 om.
1401 2739 1557 2791 ΔΗΒς
1608 2736 1798 2780 exordia

107 2795 595 2912 ssgedsssszffiibfiffssff
613 2797 657 2899 ,ω
703 2854 1327 2910 >
1347 2795 1572 2899 aas
1591 2798 1797 2910 aas.

109 2912 332 2970 Scaliyer:
365 2869 533 2971 ariiplis
566 2918 621 2970 03
654 2928 717 2959 an
747 2913 929 2970 magnis
962 2914 1038 2971 (cf.
1081 2914 1228 2970 Very.)
1256 2913 1280 2957 ,9
1487 2868 1515 2911 9

198 2997 316 3030 Poma
342 3005 434 3030 LA'r.
459 3005 545 3030 nux.
576 2997 628 3028 ΙΙ.
1504 2991 1529 3030 9
