1992 3238
797 217 832 261 Ι.
876 215 1089 262 CVLEX.
1714 220 1777 271 51

99 352 317 406 Florida
362 370 481 405 cum
519 352 680 405 tellus
720 351 1042 421 gemmantis
1079 352 1228 419 picta
1265 370 1361 421 per
1399 353 1598 406 herbas
1737 367 1791 407 70

99 426 240 480 Vere
279 429 441 479 notat
480 425 620 478 dulci
659 424 919 477 distincta
956 425 1225 477 coloribus
1266 444 1418 494 arua3

98 501 279 569 Atque
317 500 499 567 illum,
538 499 747 552 calamo
785 498 989 550 laetum
1027 498 1297 551 recinente
1336 500 1567 567 palustri

19 610 22 612 v
99 572 329 642 Otiaque
367 572 575 625 inuidia
614 572 896 641 degentem
936 573 991 623 et
1026 570 1211 623 fraude
1249 575 1458 625 remota

100 647 505 716 Pollentemque
545 645 672 714 sibi,
711 644 872 696 uiridi
910 645 1021 697 iam
1058 644 1282 713 palmite
1320 645 1505 699 lucens

96 719 311 777 Tmolia
347 719 635 789 pampineo
675 718 862 771 subter
899 735 1053 771 coma
1090 718 1238 771 uelat
1275 719 1488 771 amictu.
1735 736 1788 776 75

96 793 186 846 Illi
227 796 355 846 sunt
394 795 581 863 gratae
619 794 866 845 rorantes
906 792 1046 845 lacte
1085 791 1322 861 capellae

94 866 168 920 Et
206 884 394 919 nemus
434 868 489 918 et
524 866 754 919 fecunda
792 865 949 918 Pales
990 869 1044 918 et
1082 865 1315 918 uallibus
1354 866 1501 918 intus

98 938 321 1010 Semper
359 957 528 1009 opaca
564 940 724 993 nouis
763 940 1045 992 manantia
1082 939 1326 992 fontibus
1367 943 1535 993 antra.

95 1012 226 1075 Quis
268 1015 442 1084 magis
483 1017 671 1082 optato
711 1016 873 1082 queat
911 1029 1028 1066 esse
1066 1013 1280 1066 beatior
1318 1030 1451 1066 aeuo

96 1086 268 1148 Quam
310 1088 402 1156 qui
439 1090 620 1140 mente
658 1087 808 1139 lucro
847 1105 985 1155 pura
1025 1103 1294 1156 censuque
1332 1087 1563 1155 probato
1733 1103 1790 1142 80

6 1205 12 1210 ,
91 1159 220 1213 Non
262 1160 449 1213 auidas
490 1160 736 1229 adposcit
776 1177 905 1228 opes
943 1178 1044 1213 nec
1081 1161 1261 1213 tristia
1298 1160 1444 1213 bella

91 1233 206 1287 Nec
246 1236 463 1287 funesta
500 1234 661 1287 timet
698 1233 912 1286 ualidae
952 1235 1249 1287 certamina
1288 1234 1500 1304 classiS,

91 1307 241 1376 Non,
283 1308 472 1376 spoliis
512 1307 638 1360 dum
680 1310 869 1360 sancta
906 1308 1065 1360 deum
1104 1307 1439 1378 fulgentibus
1481 1313 1637 1362 ornet

92 1381 323 1450 Templa
359 1382 447 1434 uel
487 1384 704 1434 euectus
742 1382 906 1434 finem
942 1381 1292 1435 transcendat
1328 1381 1584 1452 habendi,

90 1455 402 1508 Aduorsum
441 1455 617 1508 saeuis
657 1455 801 1508 ultro
842 1458 1004 1523 caput
1039 1455 1289 1508 hostibus
1331 1455 1525 1508 offert?
1729 1471 1785 1511 85

211 1663 266 1702 70
314 1659 438 1717 cum]
485 1672 608 1702 nune
653 1662 691 1700 V
749 1661 754 1713 Ι
812 1660 1104 1715 gemmantes
1153 1662 1191 1701 V
1242 1659 1354 1702 Par.
1403 1661 1647 1716 gemantes
1694 1667 1733 1704 H
1774 1662 1786 1717 j}

96 1722 147 1761 71
181 1718 337 1776 notat]
369 1731 491 1762 nouo
522 1721 559 1760 V
598 1720 744 1762 nouat
781 1717 1008 1762 Heinsius
1056 1720 1064 1773 1
1114 1717 1239 1762 dulci
1270 1722 1312 1760 Η
1354 1718 1490 1762 Pom-,2
1532 1718 1681 1763 dulcis
1713 1724 1786 1762 Bc

94 1776 248 1821 dubiis
277 1779 316 1818 V
364 1778 370 1832 Ι
422 1776 652 1821 distinora
681 1780 719 1819 V
764 1779 780 1833 ss
827 1781 881 1821 72
922 1777 1136 1821 chalamo
1177 1781 1218 1820 et
1257 1777 1453 1832 palustri
1492 1791 1548 1821 ex
1586 1778 1786 1835 plaustri

0 1836 1 1849 ³
93 1849 204 1880 corr.
231 1850 257 1889 p
285 1836 293 1889 Ι
318 1835 555 1880 recinente
578 1839 621 1878 Η
651 1850 706 1879 m.
733 1841 792 1890 2,
825 1836 960 1879 Para
993 1836 1223 1880 retinente
1247 1840 1288 1878 H
1319 1850 1374 1881 m.
1408 1841 1434 1880 1
1467 1840 1505 1878 V
1536 1839 1785 1882 recanente

90 1898 163 1937 Bc
209 1897 225 1952 ΙΙ
272 1900 326 1939 73
357 1894 534 1939 inuidie
569 1898 608 1936 V
649 1896 656 1948 1
698 1897 746 1939 et
775 1899 818 1937 11
851 1895 986 1939 Par.:
1027 1909 1109 1939 om.
1146 1899 1177 1937 0
1217 1908 1272 1939 ac
1303 1896 1462 1952 uul903
1501 1896 1706 1940 inuidiae
1739 1898 1783 1941 d.

96 1953 258 1997 fraude
288 1967 383 1997 uon
406 1954 596 2010 placet„
622 1958 678 1997 74
711 1954 782 1997 sui
812 1953 1037 1998 Heinsius
1067 1958 1108 1998 et
1131 1954 1412 1998 Schraderus
1440 1956 1446 2011 Ι
1474 1955 1568 1998 iam
1599 1957 1785 2012 scripsi:

99 2026 203 2056 eum
237 2016 268 2055 0
303 2013 415 2057 Par.
452 2014 459 2068 Ι
493 2013 652 2057 lucens
677 2016 729 2055 0:
762 2012 916 2057 lutens
947 2027 973 2066 p
1004 2012 1159 2057 luctus
1190 2029 1218 2055 n
1249 2013 1413 2057 ludens
1445 2015 1476 2056 ς
1509 2015 1647 2069 (unde
1677 2014 1785 2058 uiri-

95 2071 225 2115 danti
256 2086 301 2128 p.
334 2071 499 2116 ludens
523 2071 782 2128 Hauptius)
814 2073 829 2128 ΙΙ
862 2077 916 2116 75
948 2072 1133 2116 Tmolia
1164 2073 1301 2129 (quod
1330 2086 1509 2117 era-sum
1539 2074 1591 2117 iu
1621 2073 1786 2118 Mollia

89 2187 200 2218 corr.
233 2189 289 2219 m.
321 2177 426 2232 rec.)
449 2178 483 2218 B
514 2174 670 2219 Molea
701 2180 729 2216 c
759 2147 951 2219 Pmoliea
973 2178 1016 2217 Η
1044 2189 1101 2219 m.
1128 2179 1154 2218 1
1188 2176 1259 2232 (iu
1290 2175 1475 2220 Tmolia
1504 2189 1620 2221 corr.
1647 2190 1703 2221 m.
1729 2178 1781 2231 2)

92 2232 343 2278 Thentolia
371 2237 409 2276 V
440 2233 658 2279 Thmolia
688 2234 797 2279 Par.
835 2235 841 2292 Ι
875 2233 1109 2290 panpineo
1142 2238 1179 2275 V
1210 2234 1450 2292 pampinio
1475 2251 1504 2278 n
1540 2238 1545 2289 Ι
1581 2234 1715 2279 uolat
1746 2239 1783 2277 V

87 2293 146 2345 (et
168 2305 195 2345 p
221 2305 278 2335 m.
302 2295 347 2348 1)
376 2293 393 2349 ΙΙ
424 2297 479 2336 76
503 2293 630 2351 sunt]
658 2294 779 2337 sicut
801 2297 839 2335 V
869 2295 885 2351 fl
919 2298 971 2337 77
998 2292 1219 2351 fecunda]
1247 2308 1404 2339 secum
1427 2298 1465 2336 V
1496 2294 1695 2339 feconda
1725 2309 1751 2347 p
1774 2294 1779 2352 Ι

87 2349 238 2406 palles
271 2354 300 2392 0
331 2351 480 2407 palles
509 2354 553 2393 E
585 2353 593 2406 Ι
627 2352 693 2410 et]
729 2365 780 2396 ce
811 2356 854 2395 Η
883 2367 939 2397 m.
972 2356 998 2396 1
1038 2358 1044 2407 Ι
1077 2352 1184 2396 imis
1217 2357 1259 2396 11
1287 2355 1303 2409 ΙΙ
1336 2357 1390 2397 ’18
1422 2352 1676 2397 mariantia
1706 2356 1743 2393 v
1768 2352 1783 2405 ξ’

91 2415 196 2454 ante
229 2414 283 2454 79
318 2409 454 2454 Par.:
494 2409 643 2463 Quam
679 2410 880 2456 feliciter
911 2413 959 2456 et
997 2410 1152 2467 quiete
1185 2412 1318 2456 uiuat
1347 2412 1396 2455 in
1425 2411 1664 2469 praesenti
1695 2410 1782 2467 qui

91 2470 335 2513 contentus
381 2470 694 2526 (contemptus
732 2471 780 2526 p)
826 2473 897 2514 est
941 2469 1134 2514 modicis
1179 2472 1196 2526 ss
1243 2475 1297 2515 79
1338 2472 1503 2527 optata
1541 2474 1583 2512 Η
1629 2485 1685 2515 m.
1727 2474 1779 2524 1,

89 2540 171 2572 om.
204 2543 232 2570 n
262 2529 277 2584 ΙΙ
309 2532 370 2572 80
398 2527 458 2572 Et
489 2527 569 2584 qui
591 2531 634 2570 H
660 2531 667 2584 1
693 2531 847 2574 mente
878 2530 1007 2574 lucro
1038 2544 1156 2585 pura
1182 2531 1395 2587 Machly:
1427 2532 1586 2574 mente
1617 2530 1781 2585 procul

86 2601 203 2644 pura
228 2590 259 2630 0
293 2587 401 2632 Par.
434 2602 495 2630 m.
527 2588 695 2643 potens
725 2602 843 2644 pura
873 2589 1098 2633 Heinsius
1128 2603 1191 2632 m.
1222 2589 1387 2645 procul
1417 2589 1534 2632 dura
1566 2588 1780 2645 Silliyius

86 2661 146 2691 m.
171 2646 334 2703 procul
356 2660 504 2702 praua
526 2645 800 2692 Ribbeckius
825 2647 832 2704 1
860 2661 1089 2702 censuque
1112 2648 1311 2703 probato
1334 2649 1520 2704 scripsi:
1547 2661 1778 2703 sensuque

85 2706 328 2763 probando
354 2710 384 2748 0
413 2706 525 2750 Par.
550 2705 567 2760 ΙΙ
588 2708 643 2748 81
674 2705 890 2762 adposcit
911 2707 1098 2762 scripsi:
1131 2706 1345 2763 agnoseit
1366 2711 1404 2749 V
1435 2707 1633 2763 agnouit
1655 2710 1779 2748 3011

88 2765 202 2810 Par.
234 2763 437 2809 inhiauit
467 2764 693 2809 Heinsius
736 2767 752 2821 fl
798 2770 854 2809 82
886 2765 1046 2809 ualida
1076 2768 1119 2806 Η
1149 2779 1205 2811 m.
1238 2770 1263 2809 1
1304 2767 1320 2824 ss
1365 2771 1420 2811 83
1452 2765 1560 2810 Non
1592 2769 1645 2808 0:
1678 2765 1779 2809 Nec

89 2823 215 2879 Par„
242 2825 273 2867 ς
301 2826 306 2879 Ι
335 2824 470 2869 ornat
491 2828 534 2866 11
556 2823 572 2879 ΙΙ
595 2827 654 2867 84
684 2824 760 2868 uel
789 2824 1008 2868 Bembus:
1042 2837 1127 2868 nec
1154 2828 1184 2866 0
1217 2825 1327 2869 Par.
1361 2827 1430 2881 (iu
1452 2829 1486 2868 B
1516 2837 1663 2881 supra
1694 2825 1776 2869 lin.

85 2896 145 2927 m.
179 2885 225 2939 1)
253 2885 260 2939 Ι
288 2885 482 2928 euentus
515 2888 543 2925 c
570 2884 577 2938 Ι
603 2883 903 2927 transcendat
927 2885 958 2926 ς
987 2882 1206 2928 Bembus:
1237 2884 1525 2929 transcendit
1558 2887 1588 2925 0
1624 2883 1736 2927 Par.
1762 2883 1778 2940 Η

86 2946 141 2986 85
175 2942 435 2987 Aduorsum
459 2946 516 2984 V:
550 2942 809 2987 Aduersum
841 2943 973 2987 ceteri
1013 2945 1020 2999 1
1062 2943 1212 3001 sceuis
1236 2947 1278 2986 Η
1319 2946 1326 2999 Ι
1368 2942 1617 2988 hostilibus
1649 2947 1686 2984 V

1437 3016 1498 3060 4*
