1992 3238
198 195 272 247 32
807 193 927 238 xvi.
969 193 1281 239 APPENDIX

196 328 455 395 Lucretii)
503 330 556 379 et
601 325 831 396 Vergilii
878 327 1201 380 carminibus
1257 328 1415 380 flores
1473 327 1751 397 colligeret
1796 328 1887 380 uel

196 402 404 470 potiUS,
450 417 638 452 uerum
683 402 745 452 ut
792 399 1031 454 dicamus
1040 442 1055 468 ,
1102 400 1371 469 subreptis
1410 400 1643 468 undique
1690 400 1886 468 pannis

197 475 311 527 fere
344 475 624 527 consueret
647 475 945 527 centonem.
989 473 1183 526 harum
1213 473 1595 541 imitationum,
1628 474 1889 542 quoniam

198 548 257 600 in
295 547 397 599 hoc
437 546 670 600 carmine
711 547 909 600 summi
949 549 1077 599 sunt
1114 546 1384 614 momenti*
1413 545 1480 597 ad
1518 548 1728 598 textum
1765 564 1894 599 con-

198 619 550 689 stituendum,
604 619 665 672 in-
712 620 820 672 fine
874 619 1166 672 uoluminis
1222 619 1390 673 adieci
1448 618 1692 671 indicem.
1760 619 1891 672 licet

200 695 380 746 autem
419 692 520 746 hoc
559 693 727 746 nimio
767 693 1032 746 bonorum
1074 692 1374 745 alienorum
1411 710 1512 745 usu
1550 692 1806 761 uitiisque
1837 695 1894 745 et

199 765 571 834 dispositionis
604 770 660 818 et
684 766 804 819 aliis
838 765 983 817 haud
1013 766 1199 833 paucis
1226 764 1363 818 Ciris
1395 765 1697 834 displiceat,
1728 765 1895 818 habet

197 842 383 892 tamen
420 839 507 891 hic
546 839 658 892 illic
697 857 802 908 quo
843 838 1047 891 alliciat
1085 838 1440 908 delectetque3
1483 841 1538 891 et
1577 838 1791 906 saepius
1830 841 1892 892 ut

199 916 333 981 puto
376 913 690 964 miraremur
726 915 897 969 artem
936 912 993 963 in
1032 910 1244 980 pusillis
1276 929 1548 981 magnam,
1587 911 1695 964 nisi
1728 911 1893 964 etiam

197 1003 341 1038 nunc
386 985 649 1038 nonnulla
694 987 915 1053 propter
960 987 1204 1038 recentes
1242 987 1458 1037 nostros
1498 983 1709 1037 codices
1751 1002 1894 1037 com·

198 1058 472 1111 maculata
502 1060 683 1111 essent
696 1056 768 1128 ³³⁸).
816 1058 966 1114 misit
999 1060 1178 1110 autem
1210 1058 1438 1126 scriptor
1477 1074 1697 1110 carmen
1735 1075 1893 1111 suum

199 1131 487 1184 Messallae
522 1133 594 1197 [u.
620 1130 740 1198 54];
772 1131 871 1183 sub
906 1148 1011 1199 quo
1043 1131 1463 1201 intellegendum
1496 1148 1611 1183 esse
1635 1129 1706 1182 M.
1734 1130 1893 1184 Vale-

197 1205 339 1257 rium
371 1202 663 1257 Coruinum
693 1202 1085 1273 Messallinum‚
1126 1223 1173 1256 a.
1205 1223 1251 1257 a.
1283 1203 1406 1257 Chr.
1443 1222 1495 1257 n.
1528 1205 1562 1256 3
1603 1204 1897 1270 consulem,

197 1276 650 1345 perprobabiliter
689 1276 881 1330 statuit
920 1276 1211 1330 Teuffelius
1254 1277 1463 1346 [Pauly,
1502 1276 1895 1346 Real-Encycl.

198 1349 253 1402 II
286 1351 320 1403 2
358 1369 408 1420 p.
441 1349 628 1416 2657}
683 1349 731 1402 is
770 1351 938 1420 igitur
977 1350 1287 1403 adulescens
1328 1368 1450 1404 cum
1489 1349 1719 1403 Athenis
1759 1348 1896 1422 (fere

200 1424 348 1476 intra
374 1441 544 1476 annos
576 1424 791 1476 18—-16
817 1442 862 1477 a.
890 1421 1031 1493 Chr„
1055 1426 1117 1476 ut
1141 1422 1412 1494 suspicor)
1444 1423 1641 1476 litteris
1673 1441 1897 1492 operam

199 1499 447 1566 nauaret,
487 1494 638 1549 Cirin
677 1498 887 1565 accepit
926 1497 1181 1550 oblatam.

350 1569 498 1632 Quae
555 1573 806 1623 secuntur
856 1570 1128 1640 Priapea
1181 1570 1287 1623 tria
1340 1570 1453 1622 iam
1499 1570 1631 1622 olim
1685 1570 1743 1622 in
1795 1570 1897 1624 hac

201 1644 407 1713 sylloge
468 1644 716 1714 legerunt
776 1646 989 1712 praeter
1047 1642 1368 1697 Suetonium
1431 1641 1782 1713 Seruiumque
1844 1646 1900 1696 et

199 1716 410 1769 Plinius
462 1716 640 1769 iunior
690 1717 866 1785 [epist.
907 1716 958 1770 V
997 1718 1055 1782 3,
1095 1718 1149 1783 6]
1199 1720 1254 1770 et
1292 1716 1582 1769 Diomedes
1631 1734 1900 1786 gramma·

199 1790 361 1859 tinus,
408 1790 501 1858 qui
546 1808 667 1843 cum
714 1791 974 1843 scriberet
1014 1793 1084 1860 [p.
1126 1791 1234 1844 512
1273 1790 1388 1856 K.]:
1444 1789 1754 1857 Priapeum,
1799 1807 1898 1857 quo

211 1863 465 1931 Vergilius
511 1864 570 1916 in
607 1864 1028 1932 praelusionibus
1077 1864 1177 1930 [ita
1216 1864 1405 1932 scripsi
1447 1863 1740 1917 secundum
1779 1862 1898 1917 Sta·

200 1936 337 1988 tium
385 1939 438 1988 et
482 1936 741 1990 Phocam:
785 1937 1176 2004 prolusionibus
1223 1937 1395 2002 codd]
1453 1938 1564 1990 suis
1610 1954 1736 1991 usus
1778 1937 1899 2003 fuit,

352 2081 394 2136 ³⁸)
440 2082 620 2138 gaudeo
669 2081 795 2137 quod
839 2080 1010 2125 uitium
1064 2081 1412 2139 grauissimum,
1471 2080 1549 2125 cui
1595 2080 1803 2126 tollendo
1849 2081 1900 2125 in

200 2139 443 2196 proecdosi
476 2139 662 2184 Catullo
701 2139 911 2185 subiecta
948 2139 1099 2197 impar
1139 2153 1279 2196 eram,
1318 2153 1443 2184 nunc
1486 2138 1678 2183 tandem
1717 2140 1898 2184 auferre

203 2197 321 2242 mihi
352 2198 563 2256 contigit.
612 2212 717 2243 cum
749 2199 810 2242 ad
841 2212 915 2243 uu.
945 2203 1175 2244 129-162
1207 2199 1333 2244 recte
1368 2198 1710 2255 intellegendos
1742 2198 1901 2243 omnia

201 2256 438 2313 pendeant
469 2271 493 2301 e
525 2272 570 2301 u.
607 2261 691 2301 147
716 2271 837 2312 sqq.:

470 2316 681 2360 Necdum
713 2316 928 2360 sollemni
957 2316 1153 2372 lympha
1181 2315 1368 2372 perfusa
1399 2315 1620 2360 sacerdos

467 2374 694 2419 Pallentis
725 2374 850 2419 foliis
881 2377 1024 2431 caput
1055 2376 1303 2419 exornarat
1333 2374 1510 2419 oliuae:

472 2432 588 2478 Cum
617 2433 750 2490 lapsa
781 2446 806 2478 e
837 2433 1052 2478 manibus
1083 2433 1206 2490 fugit
1235 2433 1334 2491 pila
1350 2468 1361 2489 ‚

203 2491 300 2535 iam
332 2491 445 2535 olim
477 2491 819 2537 dissertationis
843 2505 975 2537 meae
999 2507 1043 2549 p.
1070 2497 1154 2537 841
1189 2505 1419 2537 summam
1450 2491 1618 2536 horum
1649 2491 1899 2536 uerborum

205 2549 591 2605 deprauationem
625 2551 898 2608 significaui.
956 2565 1066 2596 nam
1096 2565 1248 2607 neque
1279 2551 1406 2608 pilae
1437 2551 1569 2595 lusus
1600 2563 1685 2607 per
1715 2563 1764 2594 se
1796 2551 1898 2594 erat

204 2607 379 2652 crimen
425 2610 558 2653 atrox
603 2623 752 2667 neque
799 2610 860 2654 ad
902 2623 1009 2654 eum
1046 2625 1089 2654 u.
1128 2614 1212 2654 154
1262 2609 1468 2655 ‘uiolata
1516 2622 1658 2653 manu
1696 2608 1899 2654 sacraria

205 2666 368 2710 diuae'
403 2669 560 2723 potest
590 2671 813 2725 spectare.
859 2669 1080 2713 nimirum
1106 2668 1182 2713 hic
1207 2683 1392 2726 quoque
1418 2668 1643 2713 Italorum
1675 2667 1899 2725 figmenta

205 2725 379 2769 blanda
409 2725 547 2770 nimis
580 2728 756 2772 creduli
786 2728 1062 2785 accepimus,
1119 2741 1175 2772 ex
1205 2729 1273 2773 eis
1305 2729 1464 2773 autem
1504 2739 1624 2783 quae
1663 2725 1774 2770 libri
1806 2726 1898 2771 fide

206 2783 337 2841 digni
376 2784 492 2828 dant
534 2785 665 2830 ‘cum
696 2787 828 2842 lapse
858 2786 1075 2831 manibus
1107 2786 1227 2844 fugit
1258 2787 1381 2844 pila'
1425 2785 1659 2843 plausuris
1690 2786 1743 2828 ut
1782 2786 1896 2841 puto

206 2842 419 2887 omnibus
445 2843 583 2888 elicui
610 2844 741 2889 ‘cum
765 2858 852 2889 uas
875 2859 896 2889 e
919 2846 1134 2891 manibus
1158 2845 1274 2903 (scil.
1301 2844 1577 2901 sacerdotis)
1601 2843 1725 2888 fudit
1748 2843 1896 2900 pila’:

207 2914 315 2946 ecce
346 2901 518 2947 iustam
549 2903 844 2948 turbatorum
875 2918 1108 2950 sacrorum
1141 2910 1350 2950 causam!
