1992 3238
807 183 863 227 V.
897 183 1064 228 CIBIS.
1117 177 1121 181 ’
1677 185 1780 237 147

92 315 318 369 Postera
355 316 445 368 lux
486 316 577 368 ubi
615 317 762 368 laeta
801 316 941 368 diem
980 318 1297 371 mortalibus
1339 320 1541 373 almum

92 389 168 443 Et
207 389 388 458 gelida
426 389 736 442 uenientem
775 389 958 459 ignem
1001 390 1278 458 quatiebat
1318 393 1384 445 ab
1425 392 1583 462 Oeta,
1696 407 1781 448 350

93 461 263 524 Quem
301 462 532 531 pauidae
573 462 797 515 alternis
835 461 1076 532 fugitant
1114 466 1405 534 optantque
1444 466 1658 535 puellae

93 534 440 605 (Hesperium
478 536 679 605 uitant‚
719 537 912 604 optant
951 535 1226 588 ardescere
1263 536 1484 609 Eoum),

89 608 397 677 Praeceptis
436 611 592 676 paret
628 609 786 678 uirgo
825 609 1050 661 nutricis
1090 611 1144 661 et
1182 626 1366 663 omnes

90 681 341 751 Vndique
381 682 697 750 conquaerit
734 682 971 734 nubendi
1012 681 1196 734 sedula
1235 700 1440 736 causas,

91 754 448 824 Temptantur
487 755 697 823 patriae
738 755 1018 808 submissis
1057 756 1280 809 uocibus
1321 774 1476 810 aures
1486 799 1499 827 ‚
1693 773 1778 813 355

89 828 504 895 Laudanturque
542 829 716 882 bonae
756 828 904 897 pacis
943 829 1108 882 bona:
1148 829 1348 882 multus
1387 830 1599 899 ineptae

92 900 337 972 Virginis
377 901 598 954 insolito
641 920 817 955 sermo
856 920 1031 954 nouus
1071 909 1217 955 errat
1251 903 1310 955 in
1349 921 1453 957 ore.

86 973 246 1027 Nunc
284 977 511 1027 tremere
549 975 803 1035 instantis
843 975 972 1027 belli
1011 976 1306 1028 certamina
1345 977 1477 1029 dicit

85 1047 492 1116 Immanemque
530 1049 720 1101 timere
759 1048 941 1118 deum,
980 1066 1124 1101 nunc
1161 1050 1305 1120 regis
1345 1051 1533 1103 amicis
1543 1092 1557 1120 ‚

86 1121 308 1190 Iamque
323 1120 429 1190 ipsi
445 1122 618 1175 uerita
634 1121 761 1175 heu!
787 1125 1005 1174 toruum
1022 1122 1117 1175 flet
1131 1126 1340 1176 maesta
1356 1126 1652 1194 parentem,
1692 1139 1777 1179 360

36 1207 45 1211 “
89 1193 225 1247 Cum
264 1194 395 1247 Ioue
435 1212 744 1248 communes
785 1195 875 1263 qui
913 1195 1097 1248 mittat
1137 1214 1293 1249 auere
1332 1200 1570 1266 nepotes,

86 1266 246 1321 Nunc
286 1267 448 1320 etiam
487 1268 718 1322 conficta
756 1268 882 1322 dolo
922 1268 1202 1322 mendacia
1239 1270 1385 1338 turpi

86 1341 305 1394 Inuenit
344 1345 399 1394 et
438 1341 621 1395 diuum
660 1344 829 1395 terret
865 1342 1148 1395 formidine
1188 1343 1353 1411 ciues3

84 1413 241 1467 Nunc
282 1415 389 1467 alia
427 1433 491 1468 ex
533 1415 653 1468 aliis
694 1414 814 1486 (nec
854 1415 1068 1485 desunt)
1110 1416 1292 1468 omina
1331 1417 1554 1485 quaerit.

204 1536 289 1575 349
329 1530 583 1575 mortalibfi
622 1534 665 1572 Η
709 1544 765 1575 m.
805 1534 832 1574 1
885 1533 890 1586 Ι
941 1531 1097 1587 gelido
1142 1536 1201 1593 L2
1243 1545 1298 1575 ex
1344 1532 1501 1588 gelida
1547 1545 1661 1578 corr.
1702 1533 1774 1592 A{

84 1589 349 1635 uenientem
395 1589 552 1646 ignem
599 1588 862 1644 Hawptius:
918 1589 1137 1634 ueniente
1184 1589 1302 1633 mihi
1348 1589 1508 1646 (michi
1544 1592 1602 1646 Η)
1642 1595 1777 1636 AER

86 1648 350 1694 uenientem
382 1661 518 1692 mane
550 1653 583 1690 L
614 1649 768 1704 (mane
801 1648 937 1692 etiam
968 1649 1011 1704 a)
1043 1648 1235 1693 ueniens
1266 1649 1392 1693 mani
1422 1650 1562 1706 uulgo
1596 1651 1602 1706 Ι
1638 1651 1778 1696 obeta

83 1711 125 1750 Η
155 1721 212 1753 m.
244 1712 271 1751 1
306 1707 364 1752 ab
397 1706 539 1751 oetha
569 1709 654 1748 AB.
691 1708 707 1763 fl
745 1709 830 1751 351
866 1706 964 1766 Que
996 1711 1029 1749 L
1072 1708 1078 1762 Ι
1122 1708 1378 1764 optantque
1409 1712 1496 1751 La:
1538 1708 1777 1768 obstantq3

83 1769 219 1809 AER.
253 1767 268 1823 ΙΙ
303 1770 389 1810 352
422 1766 569 1810 Eoum
601 1765 860 1810 Bentleius:
900 1778 984 1811 om.
1017 1769 1151 1808 AER
1183 1766 1330 1811 solem
1360 1771 1432 1809 La
1461 1768 1478 1824 ΙΙ
1508 1770 1593 1811 353
1627 1769 1776 1813 omnis

82 1830 139 1868 L:
174 1828 273 1870 offis
302 1828 391 1867 HR.
423 1838 582 1868 omnes
614 1827 652 1866 A
681 1825 697 1880 ΙΙ
728 1828 815 1868 354
847 1823 1030 1880 οοῃᾷτίᾑ
1060 1826 1133 1879 (=
1166 1826 1456 1882 conquaerit)
1487 1829 1551 1868 11:
1586 1827 1776 1883 conqui-

82 1884 145 1927 rit
192 1885 324 1928 ceteri
369 1885 384 1939 ss
431 1887 517 1927 355
558 1883 867 1938 Temptantur
904 1886 943 1924 A
988 1896 1124 1938 corr„
1172 1887 1214 1932 Η
1255 1898 1311 1929 m.
1352 1888 1384 1929 2
1433 1885 1692 1929 Tentantur
1720 1890 1775 1930 L:

83 1943 360 2000 Temptatus
392 1945 526 1984 ΔΗΒ
560 1942 566 1997 l
600 1940 782 1997 patriae
813 1946 846 1984 L
877 1941 1026 1997 patrie
1058 1957 1103 1985 a:
1145 1942 1330 1999 proprie
1363 1946 1450 1985 AB
1481 1943 1668 2003 proprie
1699 1948 1738 1987 B
1765 1944 1772 2002 Ι

0 1991 1 2028 ³
83 2001 339 2046 summissis
361 2006 394 2044 L
418 2002 434 2058 ΙΙ
457 2004 541 2045 356
575 1999 843 2047 Laudanter
865 2003 908 2042 Η
935 2002 940 2054 Ι
967 2001 1110 2058 bona]
1143 2001 1263 2045 bone
1286 2004 1328 2043 Η
1358 2015 1416 2046 m.
1441 2006 1466 2045 1
1492 2006 1525 2043 L
1553 2004 1559 2058 Ι
1585 2001 1774 2058 ineptae

85 2059 323 2105 Pithoeus:
355 2059 514 2116 inepte
544 2062 587 2101 Η
617 2058 822 2116 inempte
854 2062 892 2101 A
929 2059 1138 2119 inempte
1170 2064 1208 2102 R
1237 2059 1396 2116 inepto
1428 2065 1499 2102 La
1535 2061 1551 2117 ΙΙ
1589 2064 1674 2105 357
1706 2061 1775 2105 in-

82 2118 219 2164 solito
251 2119 483 2163 Pithoeus:
516 2117 702 2162 insolite
734 2121 822 2160 An
852 2132 909 2163 m.
935 2123 960 2161 1
995 2119 1105 2173 (-tus
1136 2132 1192 2162 m.
1226 2121 1278 2174 2)
1308 2119 1498 2178 insolite
1529 2124 1609 2162 LR
1635 2121 1641 2175 Ι
1670 2122 1772 2164 erat

81 2181 169 2220 HR.
200 2180 216 2234 ss
246 2181 332 2222 358
364 2176 500 2233 bellis
534 2180 576 2219 Η
611 2187 616 2230 ι
653 2176 782 2220 ducit
811 2180 853 2218 Η
883 2177 900 2233 u
930 2180 1014 2221 359
1046 2177 1393 2233 Immanemque
1425 2178 1608 2234 scripsi:
1643 2178 1774 2223 Com-

81 2250 317 2292 munemq;
351 2240 382 2278 0
423 2235 631 2292 (Comun.
665 2237 764 2291 AB)
810 2236 815 2290 Ι
859 2235 998 2279 amici
1027 2240 1060 2278 L
1104 2238 1121 2293 ΙΙ
1167 2241 1253 2280 360
1285 2238 1476 2293 Iamque
1507 2235 1772 2292 Hauptius:

79 2296 249 2351 Namq3
283 2299 314 2337 0
347 2294 517 2351 (Nanq3
549 2295 600 2350 L)
633 2293 767 2338 Nunc
797 2294 1003 2339 Kochius
1036 2297 1042 2350 1
1077 2294 1179 2351 ipso
1210 2300 1244 2337 L
1281 2294 1386 2351 ipsa
1424 2309 1479 2339 ex
1515 2294 1619 2351 ipso
1658 2309 1772 2340 corr.

81 2358 119 2396 A
161 2357 167 2409 Ι
208 2353 362 2398 uerita
392 2353 484 2397 heu
515 2353 701 2409 scripsi:
740 2352 915 2397 ueritas
956 2354 1028 2397 est
1057 2357 1192 2396 AER
1230 2354 1382 2398 uerita
1414 2354 1486 2397 est
1514 2358 1584 2396 La.
1621 2353 1774 2399 uerita

82 2417 130 2456 a!
180 2427 227 2457 se
274 2412 548 2456 Ribbeckius
597 2413 603 2467 Ι
655 2413 842 2455 toruum
888 2412 1074 2467 scripsi:
1124 2412 1286 2456 orbum
1326 2415 1460 2454 ΔΗΒ.
1507 2412 1662 2457 orbari
1703 2417 1773 2456 La

82 2472 243 2516 orbam
289 2471 562 2515 Ribbeckius
611 2473 617 2525 Ι
667 2469 748 2513 flet
785 2473 888 2512 AB:
936 2470 990 2514 fit
1028 2474 1070 2512 Η
1116 2483 1201 2515 om.
1240 2475 1272 2512 L
1324 2472 1330 2526 Ι
1378 2471 1620 2527 parentem
1660 2475 1769 2514 AH:

78 2531 289 2587 paretem
319 2534 358 2572 B.
387 2530 580 2586 parente
610 2533 679 2570 La
708 2530 723 2583 11
754 2533 838 2572 361
873 2542 1089 2574 comunes
1120 2533 1204 2571 AB.
1239 2531 1246 2585 1
1281 2529 1363 2586 qui
1392 2529 1554 2574 mittat
1582 2531 1768 2585 scripsi:

82 2589 210 2645 quim
242 2592 280 2630 A
319 2589 431 2644 quin
461 2591 550 2630 ΗΒ
590 2588 659 2640 (in
689 2590 732 2628 11
770 2602 802 2630 n
839 2588 922 2631 del.
961 2602 1016 2631 m.
1049 2590 1100 2644 2)
1140 2588 1220 2643 qui
1259 2588 1494 2643 quondam
1524 2593 1594 2631 La
1632 2602 1771 2644 quem

79 2662 164 2704 par
202 2647 263 2692 sit
292 2647 536 2704 Hauptius
576 2645 655 2702 qui
693 2645 813 2690 nolit
843 2647 916 2690 uel
953 2647 1034 2702 qui
1072 2646 1219 2702 possit
1253 2646 1526 2691 Ribbeekius
1574 2649 1580 2703 Ι
1630 2661 1770 2691 auere

80 2707 245 2763 scripsi
255 2724 266 2750 ε
313 2707 519 2750 habuere
560 2708 590 2747 0
638 2704 810 2748 habere
858 2705 1099 2760 Hauptius
1149 2706 1154 2761 l
1204 2706 1418 2777 parentes
1460 2707 1654 2762 nepotes
1695 2709 1732 2748 A
1757 2706 1770 2763 Η

82 2799 166 2839 362
186 2795 382 2840 conficta
398 2794 557 2851 uulgo:
584 2792 796 2838 confecta
814 2797 844 2835 0
869 2795 884 2849 ΙΙ
908 2797 992 2838 363
1007 2794 1131 2837 terre
1148 2797 1190 2835 11
1211 2807 1267 2838 m.
1286 2798 1312 2838 1
1337 2795 1352 2851 ΙΙ
1376 2799 1463 2839 364
1488 2794 1599 2851 alia]
1624 2792 1770 2851 gallia

56 2855 122 2896 Ἠ
160 2868 217 2898 m.
250 2858 276 2897 1
329 2856 335 2910 Ι
384 2853 490 2911 nec]
530 2866 652 2896 nunc
683 2857 716 2894 L
765 2854 772 2907 1
823 2852 979 2897 omnia
1008 2856 1047 2894 R
1096 2854 1102 2908 1
1153 2852 1248 2909 §rit
1286 2867 1342 2898 ex
1380 2855 1520 2908 {runt
1558 2866 1672 2898 corr.
1705 2855 1763 2894 11:

83 2914 281 2967 querunt
311 2914 475 2972 (quer.)
507 2915 631 2954 ALR
1634 2917 1638 2921 ’

1414 2985 1503 3029 10*
