1992 3238
727 208 1117 254 VERGILIANA.
1702 210 1727 260 1
1737 210 1769 261 9

77 345 301 413 proprio
348 343 525 411 pretio
571 343 734 411 plane
780 342 1068 395 destitutus
1117 341 1204 412 (X
1245 346 1328 396 est
1365 343 1662 396 Ribbeckio
1712 344 1769 396 in

52 415 430 486 *·Cataleptis);
463 415 765 469 Vossianus
796 416 889 468 lat.
922 417 1024 468 oct.
1049 415 1122 468 96
1155 419 1286 469 cart.
1320 434 1455 469 saec.
1480 416 1600 487 XV,
1632 417 1771 470 liber

75 491 367 559 pessimus;
406 489 574 543 codex
611 489 936 542 Basileensis
975 490 1105 541 cart.
1145 506 1279 542 saec.
1311 489 1431 557 XV,
1470 490 1769 544 uetustissi-

0 573 1 587 ¹
78 581 199 615 mae
238 563 465 616 alicuius
505 561 757 615 editionis
805 561 1185 631 apographon,
1233 565 1287 614 et
1327 562 1465 631 siqui
1504 567 1632 616 sunt
1675 564 1768 616 alii

74 637 265 689 horum
312 635 528 689 similes,
599 637 786 688 extant
836 635 999 687 etiam
1046 634 1267 703 plurimi
1316 634 1440 687 libri
1487 654 1620 689 saec.
1668 636 1768 689 XV

77 728 244 762 unum
283 707 501 778 aliquod
540 726 758 761 carmen
798 705 1058 778 (maxime
1099 706 1306 776 Gopam
1347 711 1442 760 aut
1474 707 1768 781 Moretum)

77 782 413 851 exhibenteS,
462 799 690 850 quorum
727 781 871 834 haud
916 799 1115 850 paucos
1154 781 1214 832 in
1251 780 1442 833 Italiae
1480 784 1766 852 praecipue

76 855 417 908 bibliothecis
442 855 640 924 inueni,
665 855 802 907 alios
828 855 1163 907 enumerauit
1188 853 1432 923 Silligius
1456 873 1507 923 p.
1526 856 1633 908 630
1652 875 1766 926 sqq.

73 929 130 980 in
169 929 254 981 his
295 929 546 982 omnibus
593 928 730 980 nihil
777 927 996 980 omnino
1042 928 1184 980 inest
1222 928 1289 980 ad
1334 929 1768 997 cognoscendum

73 1002 265 1055 melius
310 1004 516 1054 textum
562 1001 844 1070 traditum,
895 1001 988 1054 sed
1033 1019 1236 1070 paucae
1287 1001 1545 1054 lectiones
1596 1002 1767 1055 bonae

74 1075 142 1126 ad
181 1078 509 1128 correctores
541 1074 710 1127 Italos
744 1074 858 1127 sine
891 1075 1231 1128 cunctatione
1264 1077 1391 1127 sunt
1420 1076 1767 1128 reuocandae.

218 1147 502 1200 Editiones
527 1148 753 1217 denique
782 1150 1022 1201 uetustas
1047 1166 1168 1200 cum
1199 1148 1578 1202 sincerioribus
1605 1167 1766 1218 quam

70 1239 172 1274 nos
217 1221 460 1275 fonfibus
507 1239 619 1274 non
656 1239 782 1274 usas
823 1239 939 1274 esse
978 1222 1138 1290 plane
1177 1224 1412 1289 constet,
1459 1239 1571 1274 non
1610 1224 1764 1276 anxie

71 1294 254 1347 studui
285 1312 552 1363 quaerere,
590 1296 649 1347 in
681 1313 787 1364 qua
818 1313 999 1348 earum
1033 1313 1169 1363 quae
1201 1295 1462 1348 correctio
1496 1295 1762 1349 coniectu-

70 1385 198 1420 raue
228 1369 462 1436 primum
496 1368 943 1436 deprehendatur3
979 1368 1137 1437 quod,
1170 1368 1277 1420 nisi
1306 1371 1425 1421 tota
1455 1368 1557 1420 tibi
1591 1370 1766 1438 supel-

69 1441 155 1493 lex
178 1445 394 1509 praesto
420 1444 517 1509 est,
546 1459 842 1510 numquam
867 1444 1114 1494 accurate
1140 1442 1355 1510 quidem
1387 1459 1568 1494 eruere
1592 1447 1761 1510 potes.

67 1513 251 1582 itaque
291 1513 610 1582 ubicumque
650 1515 855 1583 primus
896 1514 1208 1567 emendatae
1250 1515 1473 1568 alicuius
1512 1515 1760 1569 lectionis

70 1591 258 1640 auctor
295 1605 381 1640 me
418 1588 644 1656 latebat,
682 1591 869 1641 notam
908 1589 1014 1640 edd.
1054 1593 1159 1641 emt.
1199 1588 1312 1640 siue
1352 1589 1506 1656 uulgm
1544 1590 1718 1658 posui.

214 1719 512 1788 Postquam
559 1721 885 1790 generaliter
932 1720 1169 1789 sylloges
1218 1720 1334 1772 fata
1379 1721 1533 1772 uaria
1578 1721 1759 1774 adum-

67 1792 359 1862 brauimus,
396 1811 542 1847 nunc
572 1794 629 1846 in
652 1792 900 1863 'singulis
932 1794 1260 1847 carminibus
1292 1794 1511 1864 quinam
1551 1795 1762 1848 codices

66 1869 246 1918 textus
297 1868 612 1920 recensendi
668 1868 1001 1920 constituant
1057 1867 1470 1920 fundamentum
1523 1868 1764 1921 breuiter

70 1957 412 2008 componam,
453 1940 612 1993 simul
651 1941 778 2010 quid
818 1940 962 1994 docti
1001 1941 1069 1993 ad
1108 1941 1534 1994 emendationem
1576 1945 1762 1995 contu-

66 2013 231 2065 lerint
262 2013 610 2067 indicaturus.
672 2014 865 2084 quibus
894 2014 1256 2084 praemittam,
1288 2013 1326 2067 Ο
1349 2018 1538 2068 notam
1563 2015 1761 2084 ubique

67 2086 308 2139 omnium
345 2086 769 2155 plurimorumue
801 2087 1062 2140 librorum
1098 2105 1432 2157 consensum,
1472 2104 1501 2144 ς
1536 2088 1761 2142 deterio-

65 2177 184 2212 rum
222 2159 480 2213 lectiones
521 2179 549 2214 e
589 2162 895 2215 coniectura
934 2164 1080 2214 ortas
1121 2161 1439 2231 significare.

211 2232 277 2285 In
325 2232 495 2287 Gulice
540 2235 712 2304 igitur
759 2235 1028 2304 principes
1077 2238 1258 2304 partes
1308 2239 1434 2287 sunt
1480 2233 1757 2306 V(ossiani
1794 2249 1795 2253 ’

62 2306 120 2359 L.
161 2305 221 2360 O.
262 2308 355 2360 81:
395 2307 459 2360 cf.
497 2327 546 2377 p.
588 2306 670 2378 8),
717 2310 810 2377 qui
856 2309 1289 2362 uetustissimum
1336 2310 1609 2378 exemplar
1647 2310 1756 2362 iam

62 2380 248 2433 multis
295 2381 428 2434 locis
475 2384 665 2450 utpote
711 2382 771 2434 in
817 2382 1053 2435 carmine
1102 2383 1389 2452 diligenter
1430 2383 1560 2435 olim
1608 2383 1756 2435 lecti-

60 2457 178 2507 tato
211 2455 525 2507 mendosum
553 2455 865 2508 fidelissime
897 2455 1095 2524 reddit,
1129 2456 1272 2508 hunc
1304 2456 1472 2526 longo
1505 2459 1758 2509 secuntur

60 2528 350 2586 interuallo
395 2525 739 2600 B(embinus:
790 2529 854 2582 cf.
902 2548 953 2598 p.
1003 2529 1094 2598 11)
1147 2532 1200 2581 et
1248 2527 1755 2600 G(antabrigiensis:

62 2601 127 2654 cf.
166 2621 218 2671 p.
261 2603 352 2672 11)
394 2602 526 2655 duas
574 2603 761 2656 classis
811 2603 1072 2656 secundae
1118 2602 1477 2672 interpolatae
1515 2603 1751 2657 familias

60 2676 220 2744 plane
259 2679 742 2746 repraesentantes,
781 2695 914 2746 quos
954 2677 1032 2728 ita
1071 2675 1422 2730 adhibeamus
1454 2679 1514 2729 ut
1547 2695 1755 2747 semper

62 2766 246 2802 eorum
291 2749 526 2803 indolem
574 2751 710 2804 bene
756 2747 1185 2822 respiciamus*).
1256 2751 1449 2820 quibus
1495 2751 1553 2803 in
1599 2755 1752 2820 parte

179 2863 222 2920 ²¹⁶)
271 2866 343 2910 est
388 2865 531 2910 etiam
580 2865 840 2910 cauendum
886 2865 1059 2921 nequid
1105 2865 1418 2923 singularibus
1472 2866 1750 2911 lectionibus

60 2922 332 2968 tribuamus.
379 2924 529 2969 ueluti
551 2925 631 2969 ubi
653 2928 685 2966 B
712 2926 760 2969 et
781 2928 819 2966 V
844 2924 1152 2982 consentiunt,
1181 2924 1459 2982 scripturam
1486 2924 1746 2981 antiquitus
1835 2932 1837 2936 ⁴

1414 2998 1475 3043 2*
