<?xml version="1.0" encoding="UTF-8"?>
<!DOCTYPE html PUBLIC "-//W3C//DTD XHTML 1.0 Transitional//EN"
    "http://www.w3.org/TR/xhtml1/DTD/xhtml1-transitional.dtd">
<html xmlns="http://www.w3.org/1999/xhtml" xml:lang="en" lang="en">
 <head>
  <title>
</title>
<meta http-equiv="Content-Type" content="text/html;charset=utf-8" />
  <meta name='ocr-system' content='tesseract 3.04.00' />
  <meta name='ocr-capabilities' content='ocr_page ocr_carea ocr_par ocr_line ocrx_word'/>
</head>
<body>
  <div class='ocr_page' id='page_1' title='image "./poetaelatinimino02baehuoft_0155.png"; bbox 0 0 1992 3238; ppageno 0'>
   <div class='ocr_carea' id='block_1_1' title="bbox 807 158 1786 211">
    <p class='ocr_par' dir='ltr' id='par_1_1' title="bbox 807 158 1786 211">
     <span class='ocr_line' id='line_1_1' title="bbox 807 158 1786 211; baseline 0.009 -9"><span class='ocrx_word' id='word_1_1' title='bbox 807 158 863 205; x_wconf 91' lang='lat' dir='ltr'>V.</span> <span class='ocrx_word' id='word_1_2' title='bbox 905 159 1074 207; x_wconf 83' lang='lat' dir='ltr'><strong>OIRIS.</strong></span> <span class='ocrx_word' id='word_1_3' title='bbox 1684 159 1786 211; x_wconf 74' lang='grc'>151</span> 
     </span>
    </p>
   </div>
   <div class='ocr_carea' id='block_1_2' title="bbox 93 289 1790 1682">
    <p class='ocr_par' dir='ltr' id='par_1_2' title="bbox 97 289 1786 435">
     <span class='ocr_line' id='line_1_2' title="bbox 97 289 1786 360; baseline 0.001 -16"><span class='ocrx_word' id='word_1_4' title='bbox 97 292 171 344; x_wconf 83' lang='lat' dir='ltr'>Te</span> <span class='ocrx_word' id='word_1_5' title='bbox 210 308 337 344; x_wconf 87' lang='lat' dir='ltr'>uero</span> <span class='ocrx_word' id='word_1_6' title='bbox 376 290 581 344; x_wconf 78' lang='lat' dir='ltr'>uictore</span> <span class='ocrx_word' id='word_1_7' title='bbox 619 289 770 360; x_wconf 88' lang='lat' dir='ltr'>prius</span> <span class='ocrx_word' id='word_1_8' title='bbox 810 292 899 344; x_wconf 90' lang='lat' dir='ltr'>uel</span> <span class='ocrx_word' id='word_1_9' title='bbox 938 293 1112 345; x_wconf 88' lang='lat' dir='ltr'>sidera</span> <span class='ocrx_word' id='word_1_10' title='bbox 1149 311 1334 346; x_wconf 89' lang='lat' dir='ltr'>cursus</span> <span class='ocrx_word' id='word_1_11' title='bbox 1698 306 1786 346; x_wconf 82' lang='lat'>425</span> 
     </span>
     <span class='ocr_line' id='line_1_3' title="bbox 97 364 1400 435; baseline 0.002 -17"><span class='ocrx_word' id='word_1_12' title='bbox 97 364 372 418; x_wconf 69' lang='lat' dir='ltr'>Mubatura</span> <span class='ocrx_word' id='word_1_13' title='bbox 410 381 535 417; x_wconf 86' lang='lat' dir='ltr'>suos</span> <span class='ocrx_word' id='word_1_14' title='bbox 578 382 740 432; x_wconf 87' lang='lat' dir='ltr'>quam</span> <span class='ocrx_word' id='word_1_15' title='bbox 778 366 832 417; x_wconf 75' lang='lat' dir='ltr'>te</span> <span class='ocrx_word' id='word_1_16' title='bbox 870 364 1004 417; x_wconf 91' lang='lat' dir='ltr'>mihi</span> <span class='ocrx_word' id='word_1_17' title='bbox 1042 366 1176 418; x_wconf 74' lang='lat' dir='ltr'>talia</span> <span class='ocrx_word' id='word_1_18' title='bbox 1215 370 1400 435; x_wconf 73' lang='lat' dir='ltr'>captae</span> 
     </span>
    </p>

    <p class='ocr_par' dir='ltr' id='par_1_3' title="bbox 97 437 1590 494">
     <span class='ocr_line' id='line_1_4' title="bbox 97 437 1590 494; baseline 0 -2"><span class='ocrx_word' id='word_1_19' title='bbox 97 438 389 492; x_wconf 70' lang='lat' dir='ltr'>Facturum</span> <span class='ocrx_word' id='word_1_20' title='bbox 428 438 612 490; x_wconf 74' lang='lat' dir='ltr'>metui.</span> <span class='ocrx_word' id='word_1_21' title='bbox 673 438 783 494; x_wconf 90' lang='lat' dir='ltr'>iam</span> <span class='ocrx_word' id='word_1_22' title='bbox 821 437 931 490; x_wconf 89' lang='lat' dir='ltr'>iam</span> <span class='ocrx_word' id='word_1_23' title='bbox 971 440 1144 492; x_wconf 84' lang='lat' dir='ltr'>scelus</span> <span class='ocrx_word' id='word_1_24' title='bbox 1186 441 1370 492; x_wconf 89' lang='lat' dir='ltr'>omnia</span> <span class='ocrx_word' id='word_1_25' title='bbox 1409 440 1590 493; x_wconf 75' lang='lat' dir='ltr'>uincit.</span> 
     </span>
    </p>

    <p class='ocr_par' dir='ltr' id='par_1_4' title="bbox 98 510 1431 581">
     <span class='ocr_line' id='line_1_5' title="bbox 98 510 1431 581; baseline 0 -17"><span class='ocrx_word' id='word_1_26' title='bbox 98 511 215 564; x_wconf 86' lang='lat' dir='ltr'>Ten</span> <span class='ocrx_word' id='word_1_27' title='bbox 254 527 354 580; x_wconf 85' lang='lat' dir='ltr'>ego</span> <span class='ocrx_word' id='word_1_28' title='bbox 394 510 515 580; x_wconf 90' lang='lat' dir='ltr'>plus</span> <span class='ocrx_word' id='word_1_29' title='bbox 555 510 734 579; x_wconf 74' lang='lat' dir='ltr'>patrio</span> <span class='ocrx_word' id='word_1_30' title='bbox 775 510 938 564; x_wconf 85' lang='lat' dir='ltr'>dilexi</span> <span class='ocrx_word' id='word_1_31' title='bbox 977 512 1189 580; x_wconf 73' lang='lat' dir='ltr'>perdita</span> <span class='ocrx_word' id='word_1_32' title='bbox 1225 513 1431 581; x_wconf 75' lang='lat' dir='ltr'>regno?</span> 
     </span>
    </p>

    <p class='ocr_par' dir='ltr' id='par_1_5' title="bbox 96 583 1477 654">
     <span class='ocr_line' id='line_1_6' title="bbox 96 583 1477 654; baseline 0 -17"><span class='ocrx_word' id='word_1_33' title='bbox 96 585 213 638; x_wconf 82' lang='lat' dir='ltr'>Ten</span> <span class='ocrx_word' id='word_1_34' title='bbox 254 583 392 654; x_wconf 80' lang='lat' dir='ltr'>ego?</span> <span class='ocrx_word' id='word_1_35' title='bbox 447 601 548 636; x_wconf 86' lang='lat' dir='ltr'>nec</span> <span class='ocrx_word' id='word_1_36' title='bbox 585 584 803 653; x_wconf 86' lang='lat' dir='ltr'>mirum,</span> <span class='ocrx_word' id='word_1_37' title='bbox 842 585 998 637; x_wconf 74' lang='lat' dir='ltr'>uultu</span> <span class='ocrx_word' id='word_1_38' title='bbox 1036 585 1259 653; x_wconf 72' lang='lat' dir='ltr'>decepta</span> <span class='ocrx_word' id='word_1_39' title='bbox 1297 586 1477 653; x_wconf 87' lang='lat' dir='ltr'>puella</span> 
     </span>
    </p>

    <p class='ocr_par' dir='ltr' id='par_1_6' title="bbox 94 657 1787 800">
     <span class='ocr_line' id='line_1_7' title="bbox 94 657 1787 726; baseline 0 -14"><span class='ocrx_word' id='word_1_40' title='bbox 94 657 173 712; x_wconf 72' lang='lat' dir='ltr'>Vb</span> <span class='ocrx_word' id='word_1_41' title='bbox 212 657 326 711; x_wconf 88' lang='lat' dir='ltr'>uidi</span> <span class='ocrx_word' id='word_1_42' title='bbox 364 659 426 709; x_wconf 74' lang='lat' dir='ltr'>ut</span> <span class='ocrx_word' id='word_1_43' title='bbox 463 657 621 726; x_wconf 86' lang='lat' dir='ltr'>perii,</span> <span class='ocrx_word' id='word_1_44' title='bbox 660 660 722 710; x_wconf 78' lang='lat' dir='ltr'>ut</span> <span class='ocrx_word' id='word_1_45' title='bbox 760 676 845 711; x_wconf 89' lang='lat' dir='ltr'>me</span> <span class='ocrx_word' id='word_1_46' title='bbox 885 659 1059 711; x_wconf 89' lang='lat' dir='ltr'>malus</span> <span class='ocrx_word' id='word_1_47' title='bbox 1101 658 1327 711; x_wconf 73' lang='lat' dir='ltr'>abstulit</span> <span class='ocrx_word' id='word_1_48' title='bbox 1367 676 1527 711; x_wconf 89' lang='lat' dir='ltr'>error.</span> <span class='ocrx_word' id='word_1_49' title='bbox 1699 672 1787 713; x_wconf 85' lang='lat'>430</span> 
     </span>
     <span class='ocr_line' id='line_1_8' title="bbox 96 729 1472 800; baseline -0.001 -15"><span class='ocrx_word' id='word_1_50' title='bbox 96 731 224 786; x_wconf 90' lang='lat' dir='ltr'>Non</span> <span class='ocrx_word' id='word_1_51' title='bbox 265 729 506 799; x_wconf 83' lang='lat' dir='ltr'>equidem</span> <span class='ocrx_word' id='word_1_52' title='bbox 546 748 609 783; x_wconf 83' lang='lat' dir='ltr'>ex</span> <span class='ocrx_word' id='word_1_53' title='bbox 648 731 754 784; x_wconf 75' lang='lat' dir='ltr'>isto</span> <span class='ocrx_word' id='word_1_54' title='bbox 796 732 1011 800; x_wconf 88' lang='lat' dir='ltr'>speraui</span> <span class='ocrx_word' id='word_1_55' title='bbox 1051 749 1274 800; x_wconf 86' lang='lat' dir='ltr'>corpore</span> <span class='ocrx_word' id='word_1_56' title='bbox 1314 749 1472 799; x_wconf 86' lang='lat' dir='ltr'>posse</span> 
     </span>
    </p>

    <p class='ocr_par' dir='ltr' id='par_1_7' title="bbox 93 804 1448 858">
     <span class='ocr_line' id='line_1_9' title="bbox 93 804 1448 858; baseline 0 -1"><span class='ocrx_word' id='word_1_57' title='bbox 93 805 226 858; x_wconf 83' lang='lat' dir='ltr'>Tale</span> <span class='ocrx_word' id='word_1_58' title='bbox 264 804 467 856; x_wconf 89' lang='lat' dir='ltr'>malum</span> <span class='ocrx_word' id='word_1_59' title='bbox 506 805 679 857; x_wconf 88' lang='lat' dir='ltr'>nasci:</span> <span class='ocrx_word' id='word_1_60' title='bbox 722 804 898 857; x_wconf 83' lang='lat' dir='ltr'>forma</span> <span class='ocrx_word' id='word_1_61' title='bbox 934 806 1021 858; x_wconf 89' lang='lat' dir='ltr'>uel</span> <span class='ocrx_word' id='word_1_62' title='bbox 1063 805 1237 858; x_wconf 86' lang='lat' dir='ltr'>sidera</span> <span class='ocrx_word' id='word_1_63' title='bbox 1274 804 1448 857; x_wconf 73' lang='lat' dir='ltr'>fallas,</span> 
     </span>
    </p>

    <p class='ocr_par' dir='ltr' id='par_1_8' title="bbox 96 877 1305 948">
     <span class='ocr_line' id='line_1_10' title="bbox 96 877 1305 948; baseline 0 -17"><span class='ocrx_word' id='word_1_64' title='bbox 96 878 184 931; x_wconf 89' lang='lat' dir='ltr'>Me</span> <span class='ocrx_word' id='word_1_65' title='bbox 222 896 335 931; x_wconf 93' lang='lat' dir='ltr'>non</span> <span class='ocrx_word' id='word_1_66' title='bbox 374 877 576 930; x_wconf 87' lang='lat' dir='ltr'>deliciis</span> <span class='ocrx_word' id='word_1_67' title='bbox 616 879 908 931; x_wconf 73' lang='lat' dir='ltr'>commouit</span> <span class='ocrx_word' id='word_1_68' title='bbox 945 879 1094 948; x_wconf 85' lang='lat' dir='ltr'>regia</span> <span class='ocrx_word' id='word_1_69' title='bbox 1133 879 1305 947; x_wconf 87' lang='lat' dir='ltr'>diues,</span> 
     </span>
    </p>

    <p class='ocr_par' dir='ltr' id='par_1_9' title="bbox 93 950 1256 1020">
     <span class='ocr_line' id='line_1_11' title="bbox 93 950 1256 1020; baseline -0.001 -15"><span class='ocrx_word' id='word_1_70' title='bbox 93 950 315 1005; x_wconf 81' lang='lat' dir='ltr'>Guralio</span> <span class='ocrx_word' id='word_1_71' title='bbox 354 950 538 1020; x_wconf 84' lang='lat' dir='ltr'>fragili</span> <span class='ocrx_word' id='word_1_72' title='bbox 577 953 671 1003; x_wconf 71' lang='lat' dir='ltr'>aut</span> <span class='ocrx_word' id='word_1_73' title='bbox 709 951 908 1005; x_wconf 74' lang='lat' dir='ltr'>electro</span> <span class='ocrx_word' id='word_1_74' title='bbox 949 952 1256 1019; x_wconf 81' lang='lat' dir='ltr'>lacrimOSO,</span> 
     </span>
    </p>

    <p class='ocr_par' dir='ltr' id='par_1_10' title="bbox 94 1024 1789 1167">
     <span class='ocr_line' id='line_1_12' title="bbox 95 1024 1789 1094; baseline -0.001 -16"><span class='ocrx_word' id='word_1_75' title='bbox 95 1024 184 1078; x_wconf 88' lang='lat' dir='ltr'>Me</span> <span class='ocrx_word' id='word_1_76' title='bbox 223 1043 336 1078; x_wconf 95' lang='lat' dir='ltr'>non</span> <span class='ocrx_word' id='word_1_77' title='bbox 373 1024 624 1077; x_wconf 74' lang='lat' dir='ltr'>florentes</span> <span class='ocrx_word' id='word_1_78' title='bbox 667 1025 876 1094; x_wconf 89' lang='lat' dir='ltr'>aequali</span> <span class='ocrx_word' id='word_1_79' title='bbox 916 1043 1136 1094; x_wconf 88' lang='lat' dir='ltr'>corpore</span> <span class='ocrx_word' id='word_1_80' title='bbox 1175 1024 1474 1094; x_wconf 85' lang='lat' dir='ltr'>nymphae,</span> <span class='ocrx_word' id='word_1_81' title='bbox 1699 1037 1789 1078; x_wconf 87' lang='lat'>435</span> 
     </span>
     <span class='ocr_line' id='line_1_13' title="bbox 94 1097 1519 1167; baseline -0.001 -16"><span class='ocrx_word' id='word_1_82' title='bbox 94 1097 226 1152; x_wconf 90' lang='lat' dir='ltr'>Non</span> <span class='ocrx_word' id='word_1_83' title='bbox 263 1100 437 1150; x_wconf 72' lang='lat' dir='ltr'>metus</span> <span class='ocrx_word' id='word_1_84' title='bbox 476 1098 752 1150; x_wconf 91' lang='lat' dir='ltr'>incensam</span> <span class='ocrx_word' id='word_1_85' title='bbox 791 1099 972 1167; x_wconf 72' lang='lat' dir='ltr'>potuit</span> <span class='ocrx_word' id='word_1_86' title='bbox 1009 1100 1236 1152; x_wconf 74' lang='lat' dir='ltr'>retinere</span> <span class='ocrx_word' id='word_1_87' title='bbox 1277 1098 1519 1151; x_wconf 87' lang='lat' dir='ltr'>deorum:</span> 
     </span>
    </p>

    <p class='ocr_par' dir='ltr' id='par_1_11' title="bbox 98 1171 1616 1241">
     <span class='ocr_line' id='line_1_14' title="bbox 98 1171 1616 1241; baseline 0 -16"><span class='ocrx_word' id='word_1_88' title='bbox 98 1172 294 1225; x_wconf 90' lang='lat' dir='ltr'>Omnia</span> <span class='ocrx_word' id='word_1_89' title='bbox 331 1171 462 1223; x_wconf 71' lang='lat' dir='ltr'>uicit</span> <span class='ocrx_word' id='word_1_90' title='bbox 503 1189 677 1240; x_wconf 82' lang='lat' dir='ltr'>amor3</span> <span class='ocrx_word' id='word_1_91' title='bbox 717 1172 843 1241; x_wconf 90' lang='lat' dir='ltr'>quid</span> <span class='ocrx_word' id='word_1_92' title='bbox 884 1172 1027 1224; x_wconf 91' lang='lat' dir='ltr'>enim</span> <span class='ocrx_word' id='word_1_93' title='bbox 1064 1191 1176 1225; x_wconf 95' lang='lat' dir='ltr'>non</span> <span class='ocrx_word' id='word_1_94' title='bbox 1213 1172 1451 1225; x_wconf 73' lang='lat' dir='ltr'>uinceret</span> <span class='ocrx_word' id='word_1_95' title='bbox 1488 1172 1616 1225; x_wconf 82' lang='lat' dir='ltr'>ille?</span> 
     </span>
    </p>

    <p class='ocr_par' dir='ltr' id='par_1_12' title="bbox 94 1244 1659 1388">
     <span class='ocr_line' id='line_1_15' title="bbox 94 1244 1659 1315; baseline 0 -17"><span class='ocrx_word' id='word_1_96' title='bbox 94 1244 222 1299; x_wconf 91' lang='lat' dir='ltr'>Non</span> <span class='ocrx_word' id='word_1_97' title='bbox 260 1244 394 1297; x_wconf 91' lang='lat' dir='ltr'>mihi</span> <span class='ocrx_word' id='word_1_98' title='bbox 432 1244 540 1297; x_wconf 86' lang='lat' dir='ltr'>iam</span> <span class='ocrx_word' id='word_1_99' title='bbox 578 1244 768 1314; x_wconf 86' lang='lat' dir='ltr'>pingui</span> <span class='ocrx_word' id='word_1_100' title='bbox 809 1245 1096 1298; x_wconf 70' lang='lat' dir='ltr'>stillabunb</span> <span class='ocrx_word' id='word_1_101' title='bbox 1134 1249 1381 1315; x_wconf 73' lang='lat' dir='ltr'>tempora</span> <span class='ocrx_word' id='word_1_102' title='bbox 1420 1246 1659 1314; x_wconf 85' lang='lat' dir='ltr'>myrrha,</span> 
     </span>
     <span class='ocr_line' id='line_1_16' title="bbox 95 1319 1492 1388; baseline 0 -17"><span class='ocrx_word' id='word_1_103' title='bbox 95 1319 352 1372; x_wconf 89' lang='lat' dir='ltr'>Pronuba</span> <span class='ocrx_word' id='word_1_104' title='bbox 390 1335 490 1370; x_wconf 89' lang='lat' dir='ltr'>nec</span> <span class='ocrx_word' id='word_1_105' title='bbox 530 1321 707 1371; x_wconf 74' lang='lat' dir='ltr'>castos</span> <span class='ocrx_word' id='word_1_106' title='bbox 747 1319 1002 1372; x_wconf 70' lang='lat' dir='ltr'>accendet</span> <span class='ocrx_word' id='word_1_107' title='bbox 1039 1320 1199 1388; x_wconf 83' lang='lat' dir='ltr'>pinus</span> <span class='ocrx_word' id='word_1_108' title='bbox 1239 1319 1492 1387; x_wconf 82' lang='lat' dir='ltr'>honores,</span> 
     </span>
    </p>

    <p class='ocr_par' dir='ltr' id='par_1_13' title="bbox 94 1390 1790 1593">
     <span class='ocr_line' id='line_1_17' title="bbox 95 1390 1788 1461; baseline -0.001 -15"><span class='ocrx_word' id='word_1_109' title='bbox 95 1391 149 1446; x_wconf 90' lang='lat' dir='ltr'>N</span> <span class='ocrx_word' id='word_1_110' title='bbox 153 1411 211 1446; x_wconf 88' lang='lat' dir='ltr'>eo</span> <span class='ocrx_word' id='word_1_111' title='bbox 250 1392 417 1460; x_wconf 89' lang='lat' dir='ltr'>Libys</span> <span class='ocrx_word' id='word_1_112' title='bbox 456 1390 681 1461; x_wconf 87' lang='lat' dir='ltr'>Assyrio</span> <span class='ocrx_word' id='word_1_113' title='bbox 722 1395 992 1445; x_wconf 69' lang='lat' dir='ltr'>sternelzur</span> <span class='ocrx_word' id='word_1_114' title='bbox 1029 1392 1256 1446; x_wconf 75' lang='lat' dir='ltr'>lectulus</span> <span class='ocrx_word' id='word_1_115' title='bbox 1297 1394 1459 1444; x_wconf 72' lang='lat' dir='ltr'>ostro,</span> <span class='ocrx_word' id='word_1_116' title='bbox 1700 1405 1788 1445; x_wconf 85' lang='grc'>440</span> 
     </span>
     <span class='ocr_line' id='line_1_18' title="bbox 94 1465 1790 1535; baseline -0.001 -16"><span class='ocrx_word' id='word_1_117' title='bbox 94 1465 255 1520; x_wconf 87' lang='lat' dir='ltr'>Vana</span> <span class='ocrx_word' id='word_1_118' title='bbox 294 1483 507 1535; x_wconf 88' lang='lat' dir='ltr'>queror:</span> <span class='ocrx_word' id='word_1_119' title='bbox 555 1483 640 1517; x_wconf 94' lang='lat' dir='ltr'>me</span> <span class='ocrx_word' id='word_1_120' title='bbox 678 1483 745 1518; x_wconf 88' lang='lat' dir='ltr'>ne</span> <span class='ocrx_word' id='word_1_121' title='bbox 784 1465 880 1518; x_wconf 88' lang='lat' dir='ltr'>illa</span> <span class='ocrx_word' id='word_1_122' title='bbox 919 1466 1135 1535; x_wconf 92' lang='lat' dir='ltr'>quidem</span> <span class='ocrx_word' id='word_1_123' title='bbox 1174 1466 1473 1519; x_wconf 89' lang='lat' dir='ltr'>communis</span> <span class='ocrx_word' id='word_1_124' title='bbox 1515 1466 1790 1519; x_wconf 88' lang='lat' dir='ltr'>alumnam</span> 
     </span>
     <span class='ocr_line' id='line_1_19' title="bbox 97 1538 1389 1593; baseline -0.002 -1"><span class='ocrx_word' id='word_1_125' title='bbox 97 1539 361 1593; x_wconf 84' lang='lat' dir='ltr'>Omnibus</span> <span class='ocrx_word' id='word_1_126' title='bbox 400 1538 602 1591; x_wconf 73' lang='lat' dir='ltr'>iniecta</span> <span class='ocrx_word' id='word_1_127' title='bbox 639 1539 801 1591; x_wconf 76' lang='lat' dir='ltr'>tellus</span> <span class='ocrx_word' id='word_1_128' title='bbox 840 1539 1135 1592; x_wconf 74' lang='lat' dir='ltr'>tumulabit</span> <span class='ocrx_word' id='word_1_129' title='bbox 1172 1539 1389 1591; x_wconf 86' lang='lat' dir='ltr'>harena.</span> 
     </span>
    </p>

    <p class='ocr_par' dir='ltr' id='par_1_14' title="bbox 95 1612 1383 1682">
     <span class='ocr_line' id='line_1_20' title="bbox 95 1612 1383 1682; baseline -0.002 -16"><span class='ocrx_word' id='word_1_130' title='bbox 95 1613 252 1666; x_wconf 91' lang='lat' dir='ltr'>Mene</span> <span class='ocrx_word' id='word_1_131' title='bbox 290 1613 434 1664; x_wconf 73' lang='lat' dir='ltr'>inter</span> <span class='ocrx_word' id='word_1_132' title='bbox 471 1615 672 1664; x_wconf 71' lang='lat' dir='ltr'>matres</span> <span class='ocrx_word' id='word_1_133' title='bbox 713 1612 1095 1682; x_wconf 89' lang='lat' dir='ltr'>ancillarisque</span> <span class='ocrx_word' id='word_1_134' title='bbox 1134 1613 1359 1665; x_wconf 74' lang='lat' dir='ltr'>maritas</span> <span class='ocrx_word' id='word_1_135' title='bbox 1369 1653 1383 1681; x_wconf 87' lang='lat'><em>,</em></span> 
     </span>
    </p>
   </div>
   <div class='ocr_carea' id='block_1_3' title="bbox 100 1716 455 1723">
    <p class='ocr_par' dir='ltr' id='par_1_15' title="bbox 100 1716 455 1723">
     <span class='ocr_line' id='line_1_21' title="bbox 100 1716 455 1723; baseline 0 1515"><span class='ocrx_word' id='word_1_136' title='bbox 100 1716 455 1723; x_wconf 95' lang='lat' dir='ltr'> </span> 
     </span>
    </p>
   </div>
   <div class='ocr_carea' id='block_1_4' title="bbox 96 1755 1795 2922">
    <p class='ocr_par' dir='ltr' id='par_1_16' title="bbox 96 1755 1795 2922">
     <span class='ocr_line' id='line_1_22' title="bbox 217 1755 1792 1815; baseline -0.003 -13"><span class='ocrx_word' id='word_1_137' title='bbox 217 1762 303 1802; x_wconf 86' lang='grc'>425</span> <span class='ocrx_word' id='word_1_138' title='bbox 338 1756 472 1815; x_wconf 86' lang='lat' dir='ltr'>uero]</span> <span class='ocrx_word' id='word_1_139' title='bbox 504 1770 597 1801; x_wconf 88' lang='lat' dir='ltr'>non</span> <span class='ocrx_word' id='word_1_140' title='bbox 628 1760 670 1799; x_wconf 82' lang='lat'>11</span> <span class='ocrx_word' id='word_1_141' title='bbox 708 1771 764 1802; x_wconf 84' lang='lat' dir='ltr'>m.</span> <span class='ocrx_word' id='word_1_142' title='bbox 797 1761 823 1801; x_wconf 90' lang='lat'><strong><em>1</em></strong></span> <span class='ocrx_word' id='word_1_143' title='bbox 868 1757 874 1815; x_wconf 92' lang='grc' dir='ltr'>Ι</span> <span class='ocrx_word' id='word_1_144' title='bbox 916 1757 1081 1813; x_wconf 82' lang='lat' dir='ltr'>sydera</span> <span class='ocrx_word' id='word_1_145' title='bbox 1112 1760 1239 1799; x_wconf 79' lang='lat' dir='ltr'>ALR</span> <span class='ocrx_word' id='word_1_146' title='bbox 1278 1757 1286 1814; x_wconf 99' lang='grc' dir='ltr'>Ι</span> <span class='ocrx_word' id='word_1_147' title='bbox 1329 1761 1415 1801; x_wconf 85' lang='grc'>426</span> <span class='ocrx_word' id='word_1_148' title='bbox 1447 1755 1564 1799; x_wconf 80' lang='lat' dir='ltr'>mihi</span> <span class='ocrx_word' id='word_1_149' title='bbox 1601 1768 1683 1800; x_wconf 88' lang='lat' dir='ltr'>om.</span> <span class='ocrx_word' id='word_1_150' title='bbox 1715 1759 1755 1797; x_wconf 82' lang='lat' dir='ltr'>B.</span> <span class='ocrx_word' id='word_1_151' title='bbox 1777 1755 1792 1812; x_wconf 87' lang='grc' dir='ltr'>ΙΙ</span> 
     </span>
     <span class='ocr_line' id='line_1_23' title="bbox 96 1813 1793 1870; baseline -0.003 -8"><span class='ocrx_word' id='word_1_152' title='bbox 96 1823 182 1863; x_wconf 83' lang='grc'>427</span> <span class='ocrx_word' id='word_1_153' title='bbox 215 1817 466 1861; x_wconf 70' lang='lat' dir='ltr'>Facturum</span> <span class='ocrx_word' id='word_1_154' title='bbox 497 1820 550 1859; x_wconf 87' lang='lat' dir='ltr'>L:</span> <span class='ocrx_word' id='word_1_155' title='bbox 582 1815 832 1860; x_wconf 72' lang='lat' dir='ltr'>Factorum</span> <span class='ocrx_word' id='word_1_156' title='bbox 862 1819 905 1858; x_wconf 85' lang='lat'>11</span> <span class='ocrx_word' id='word_1_157' title='bbox 936 1816 1159 1860; x_wconf 73' lang='lat' dir='ltr'>Fatorum</span> <span class='ocrx_word' id='word_1_158' title='bbox 1189 1819 1274 1858; x_wconf 80' lang='lat' dir='ltr'>AB</span> <span class='ocrx_word' id='word_1_159' title='bbox 1303 1815 1483 1859; x_wconf 72' lang='lat' dir='ltr'>factore</span> <span class='ocrx_word' id='word_1_160' title='bbox 1515 1829 1542 1857; x_wconf 78' lang='lat' dir='ltr'>a</span> <span class='ocrx_word' id='word_1_161' title='bbox 1568 1816 1575 1870; x_wconf 87' lang='grc' dir='ltr'>Ι</span> <span class='ocrx_word' id='word_1_162' title='bbox 1604 1813 1720 1858; x_wconf 71' lang='lat' dir='ltr'>uicit</span> <span class='ocrx_word' id='word_1_163' title='bbox 1749 1817 1793 1856; x_wconf 79' lang='grc' dir='ltr'><strong>Η</strong></span> 
     </span>
     <span class='ocr_line' id='line_1_24' title="bbox 97 1873 1791 1932; baseline -0.003 -11"><span class='ocrx_word' id='word_1_164' title='bbox 97 1892 154 1922; x_wconf 81' lang='lat' dir='ltr'>m.</span> <span class='ocrx_word' id='word_1_165' title='bbox 186 1881 212 1920; x_wconf 88' lang='lat'><strong><em>1</em></strong></span> <span class='ocrx_word' id='word_1_166' title='bbox 253 1876 269 1932; x_wconf 86' lang='grc' dir='ltr'>ΙΙ</span> <span class='ocrx_word' id='word_1_167' title='bbox 307 1879 393 1919; x_wconf 90' lang='grc'>432</span> <span class='ocrx_word' id='word_1_168' title='bbox 427 1874 579 1918; x_wconf 85' lang='lat' dir='ltr'>sidera</span> <span class='ocrx_word' id='word_1_169' title='bbox 608 1877 650 1916; x_wconf 85' lang='grc' dir='ltr'><strong>Η</strong></span> <span class='ocrx_word' id='word_1_170' title='bbox 681 1874 845 1932; x_wconf 78' lang='lat' dir='ltr'>sydera</span> <span class='ocrx_word' id='word_1_171' title='bbox 876 1880 933 1918; x_wconf 80' lang='lat' dir='ltr'>A:</span> <span class='ocrx_word' id='word_1_172' title='bbox 966 1875 1126 1930; x_wconf 80' lang='lat' dir='ltr'>sydere</span> <span class='ocrx_word' id='word_1_173' title='bbox 1157 1879 1273 1917; x_wconf 75' lang='lat' dir='ltr'>LRa</span> <span class='ocrx_word' id='word_1_174' title='bbox 1314 1875 1321 1931; x_wconf 88' lang='grc' dir='ltr'>Ι</span> <span class='ocrx_word' id='word_1_175' title='bbox 1362 1874 1498 1918; x_wconf 86' lang='lat' dir='ltr'>fallas</span> <span class='ocrx_word' id='word_1_176' title='bbox 1532 1873 1791 1928; x_wconf 78' lang='lat' dir='ltr'>Hauptius:</span> 
     </span>
     <span class='ocr_line' id='line_1_25' title="bbox 97 1930 1791 1989; baseline -0.002 -10"><span class='ocrx_word' id='word_1_177' title='bbox 97 1935 211 1980; x_wconf 89' lang='lat' dir='ltr'>falle</span> <span class='ocrx_word' id='word_1_178' title='bbox 242 1937 285 1976; x_wconf 80' lang='grc' dir='ltr'><strong><em>Η</em></strong></span> <span class='ocrx_word' id='word_1_179' title='bbox 314 1948 373 1979; x_wconf 86' lang='lat' dir='ltr'>m.</span> <span class='ocrx_word' id='word_1_180' title='bbox 404 1938 430 1977; x_wconf 90' lang='lat'><strong><em>1</em></strong></span> <span class='ocrx_word' id='word_1_181' title='bbox 464 1933 602 1977; x_wconf 65' lang='lat' dir='ltr'>fallalz</span> <span class='ocrx_word' id='word_1_182' title='bbox 631 1947 688 1977; x_wconf 87' lang='lat' dir='ltr'>m.</span> <span class='ocrx_word' id='word_1_183' title='bbox 721 1937 753 1978; x_wconf 79' lang='lat'><strong><em>2</em></strong></span> <span class='ocrx_word' id='word_1_184' title='bbox 786 1932 924 1978; x_wconf 86' lang='lat' dir='ltr'>fallor</span> <span class='ocrx_word' id='word_1_185' title='bbox 954 1937 1080 1975; x_wconf 81' lang='lat' dir='ltr'>ALR</span> <span class='ocrx_word' id='word_1_186' title='bbox 1112 1934 1128 1989; x_wconf 90' lang='grc' dir='ltr'>ΙΙ</span> <span class='ocrx_word' id='word_1_187' title='bbox 1158 1938 1244 1977; x_wconf 88' lang='grc'>433</span> <span class='ocrx_word' id='word_1_188' title='bbox 1276 1932 1383 1976; x_wconf 88' lang='lat' dir='ltr'>Non</span> <span class='ocrx_word' id='word_1_189' title='bbox 1412 1946 1486 1976; x_wconf 91' lang='lat' dir='ltr'>me</span> <span class='ocrx_word' id='word_1_190' title='bbox 1517 1936 1550 1973; x_wconf 99' lang='lat' dir='ltr'>L</span> <span class='ocrx_word' id='word_1_191' title='bbox 1577 1933 1584 1988; x_wconf 89' lang='grc' dir='ltr'>Ι</span> <span class='ocrx_word' id='word_1_192' title='bbox 1611 1930 1791 1976; x_wconf 80' lang='lat' dir='ltr'>deliciis</span> 
     </span>
     <span class='ocr_line' id='line_1_26' title="bbox 98 1990 1795 2048; baseline -0.003 -9"><span class='ocrx_word' id='word_1_193' title='bbox 98 2010 147 2039; x_wconf 78' lang='lat' dir='ltr'>a:</span> <span class='ocrx_word' id='word_1_194' title='bbox 194 1992 368 2038; x_wconf 64' lang='lat' dir='ltr'>delissiis</span> <span class='ocrx_word' id='word_1_195' title='bbox 406 1997 438 2034; x_wconf 93' lang='lat' dir='ltr'>L</span> <span class='ocrx_word' id='word_1_196' title='bbox 486 1991 669 2036; x_wconf 71' lang='lat' dir='ltr'>delictis</span> <span class='ocrx_word' id='word_1_197' title='bbox 707 1995 749 2034; x_wconf 83' lang='grc' dir='ltr'><strong>Η</strong></span> <span class='ocrx_word' id='word_1_198' title='bbox 796 1991 990 2036; x_wconf 70' lang='lat' dir='ltr'>delectis</span> <span class='ocrx_word' id='word_1_199' title='bbox 1022 1995 1107 2034; x_wconf 81' lang='lat' dir='ltr'>AB</span> <span class='ocrx_word' id='word_1_200' title='bbox 1155 1993 1244 2048; x_wconf 81' lang='lat' dir='ltr'>(hic</span> <span class='ocrx_word' id='word_1_201' title='bbox 1277 1991 1555 2047; x_wconf 77' lang='lat' dir='ltr'>perdubium</span> <span class='ocrx_word' id='word_1_202' title='bbox 1591 2004 1701 2035; x_wconf 80' lang='lat' dir='ltr'>num</span> <span class='ocrx_word' id='word_1_203' title='bbox 1739 1990 1795 2034; x_wconf 88' lang='lat' dir='ltr'>in</span> 
     </span>
     <span class='ocr_line' id='line_1_27' title="bbox 98 2047 1788 2109; baseline -0.004 -11"><span class='ocrx_word' id='word_1_204' title='bbox 98 2054 286 2109; x_wconf 79' lang='lat' dir='ltr'>rasura)</span> <span class='ocrx_word' id='word_1_205' title='bbox 336 2053 343 2106; x_wconf 91' lang='grc' dir='ltr'>Ι</span> <span class='ocrx_word' id='word_1_206' title='bbox 393 2050 600 2096; x_wconf 72' lang='lat' dir='ltr'>comouit</span> <span class='ocrx_word' id='word_1_207' title='bbox 637 2055 676 2093; x_wconf 81' lang='lat' dir='ltr'>R</span> <span class='ocrx_word' id='word_1_208' title='bbox 720 2052 737 2107; x_wconf 92' lang='grc' dir='ltr'>ΙΙ</span> <span class='ocrx_word' id='word_1_209' title='bbox 781 2055 869 2094; x_wconf 88' lang='grc'>434</span> <span class='ocrx_word' id='word_1_210' title='bbox 907 2049 1050 2094; x_wconf 87' lang='lat' dir='ltr'>Diues</span> <span class='ocrx_word' id='word_1_211' title='bbox 1094 2052 1200 2095; x_wconf 81' lang='lat' dir='ltr'>add.</span> <span class='ocrx_word' id='word_1_212' title='bbox 1248 2051 1301 2094; x_wconf 90' lang='lat' dir='ltr'>in</span> <span class='ocrx_word' id='word_1_213' title='bbox 1346 2050 1480 2094; x_wconf 80' lang='lat' dir='ltr'>initio</span> <span class='ocrx_word' id='word_1_214' title='bbox 1521 2049 1618 2093; x_wconf 84' lang='lat' dir='ltr'>edd.</span> <span class='ocrx_word' id='word_1_215' title='bbox 1658 2047 1788 2107; x_wconf 79' lang='lat' dir='ltr'>ant.{</span> 
     </span>
     <span class='ocr_line' id='line_1_28' title="bbox 98 2107 1794 2164; baseline -0.003 -7"><span class='ocrx_word' id='word_1_216' title='bbox 98 2111 286 2158; x_wconf 84' lang='lat' dir='ltr'>Guralio</span> <span class='ocrx_word' id='word_1_217' title='bbox 319 2110 540 2154; x_wconf 78' lang='lat' dir='ltr'>Iahnius:</span> <span class='ocrx_word' id='word_1_218' title='bbox 577 2107 760 2154; x_wconf 86' lang='lat' dir='ltr'>Coralio</span> <span class='ocrx_word' id='word_1_219' title='bbox 783 2114 815 2151; x_wconf 86' lang='lat'>1.</span> <span class='ocrx_word' id='word_1_220' title='bbox 848 2108 1033 2154; x_wconf 83' lang='lat' dir='ltr'>Corallo</span> <span class='ocrx_word' id='word_1_221' title='bbox 1064 2112 1200 2152; x_wconf 81' lang='grc' dir='ltr'>ΔΗΒ.</span> <span class='ocrx_word' id='word_1_222' title='bbox 1234 2111 1240 2163; x_wconf 90' lang='grc' dir='ltr'>Ι</span> <span class='ocrx_word' id='word_1_223' title='bbox 1276 2110 1360 2153; x_wconf 68' lang='lat' dir='ltr'>aula</span> <span class='ocrx_word' id='word_1_224' title='bbox 1390 2108 1632 2164; x_wconf 73' lang='lat' dir='ltr'>Hauptius</span> <span class='ocrx_word' id='word_1_225' title='bbox 1659 2121 1794 2163; x_wconf 82' lang='lat' dir='ltr'>prae-</span> 
     </span>
     <span class='ocr_line' id='line_1_29' title="bbox 99 2166 1792 2226; baseline -0.004 -10"><span class='ocrx_word' id='word_1_226' title='bbox 99 2175 229 2216; x_wconf 80' lang='lat' dir='ltr'>ewnte</span> <span class='ocrx_word' id='word_1_227' title='bbox 258 2169 447 2214; x_wconf 86' lang='lat' dir='ltr'>Loensi:</span> <span class='ocrx_word' id='word_1_228' title='bbox 482 2170 530 2212; x_wconf 76' lang='lat' dir='ltr'>el:</span> <span class='ocrx_word' id='word_1_229' title='bbox 561 2172 592 2211; x_wconf 90' lang='lat'>0</span> <span class='ocrx_word' id='word_1_230' title='bbox 626 2170 766 2224; x_wconf 75' lang='lat' dir='ltr'>atque</span> <span class='ocrx_word' id='word_1_231' title='bbox 794 2168 1009 2226; x_wconf 77' lang='lat' dir='ltr'>Heynius</span> <span class='ocrx_word' id='word_1_232' title='bbox 1044 2171 1050 2223; x_wconf 91' lang='grc' dir='ltr'>Ι</span> <span class='ocrx_word' id='word_1_233' title='bbox 1085 2168 1256 2213; x_wconf 72' lang='lat' dir='ltr'>electro</span> <span class='ocrx_word' id='word_1_234' title='bbox 1288 2167 1533 2211; x_wconf 84' lang='lat' dir='ltr'>lacrimoso</span> <span class='ocrx_word' id='word_1_235' title='bbox 1564 2166 1792 2223; x_wconf 72' lang='lat' dir='ltr'>Scaliyer:</span> 
     </span>
     <span class='ocr_line' id='line_1_30' title="bbox 99 2225 1793 2284; baseline -0.004 -10"><span class='ocrx_word' id='word_1_236' title='bbox 99 2229 345 2274; x_wconf 86' lang='lat' dir='ltr'>lacrimoso</span> <span class='ocrx_word' id='word_1_237' title='bbox 378 2227 588 2284; x_wconf 83' lang='lat' dir='ltr'>(lacrym.</span> <span class='ocrx_word' id='word_1_238' title='bbox 613 2228 668 2283; x_wconf 80' lang='lat' dir='ltr'>A)</span> <span class='ocrx_word' id='word_1_239' title='bbox 704 2227 876 2271; x_wconf 73' lang='lat' dir='ltr'>electro</span> <span class='ocrx_word' id='word_1_240' title='bbox 900 2230 1036 2270; x_wconf 73' lang='lat' dir='ltr'>AER</span> <span class='ocrx_word' id='word_1_241' title='bbox 1066 2227 1345 2271; x_wconf 82' lang='lat' dir='ltr'>lachrimoso</span> <span class='ocrx_word' id='word_1_242' title='bbox 1377 2226 1527 2270; x_wconf 65' lang='lat' dir='ltr'>mouifi</span> <span class='ocrx_word' id='word_1_243' title='bbox 1549 2225 1735 2269; x_wconf 77' lang='lat' dir='ltr'>Electro</span> <span class='ocrx_word' id='word_1_244' title='bbox 1758 2229 1793 2266; x_wconf 93' lang='lat' dir='ltr'>L</span> 
     </span>
     <span class='ocr_line' id='line_1_31' title="bbox 99 2283 1794 2346; baseline -0.004 -13"><span class='ocrx_word' id='word_1_245' title='bbox 99 2288 268 2346; x_wconf 74' lang='lat' dir='ltr'>(mouit</span> <span class='ocrx_word' id='word_1_246' title='bbox 291 2302 319 2330; x_wconf 80' lang='lat' dir='ltr'>a</span> <span class='ocrx_word' id='word_1_247' title='bbox 341 2300 515 2343; x_wconf 76' lang='lat' dir='ltr'>quoque</span> <span class='ocrx_word' id='word_1_248' title='bbox 537 2287 664 2343; x_wconf 81' lang='lat' dir='ltr'>add.)</span> <span class='ocrx_word' id='word_1_249' title='bbox 689 2286 704 2343; x_wconf 88' lang='grc' dir='ltr'>ΙΙ</span> <span class='ocrx_word' id='word_1_250' title='bbox 727 2291 813 2331; x_wconf 89' lang='grc'>436</span> <span class='ocrx_word' id='word_1_251' title='bbox 837 2285 1072 2331; x_wconf 86' lang='lat' dir='ltr'>incensam</span> <span class='ocrx_word' id='word_1_252' title='bbox 1095 2290 1184 2329; x_wconf 75' lang='lat' dir='ltr'>La:</span> <span class='ocrx_word' id='word_1_253' title='bbox 1209 2285 1458 2330; x_wconf 87' lang='lat' dir='ltr'>incendens</span> <span class='ocrx_word' id='word_1_254' title='bbox 1481 2288 1519 2326; x_wconf 79' lang='lat' dir='ltr'>A</span> <span class='ocrx_word' id='word_1_255' title='bbox 1541 2283 1794 2338; x_wconf 65' lang='lat' dir='ltr'>incendens</span> 
     </span>
     <span class='ocr_line' id='line_1_32' title="bbox 97 2341 1780 2404; baseline -0.004 -12"><span class='ocrx_word' id='word_1_256' title='bbox 97 2349 298 2404; x_wconf 78' lang='lat' dir='ltr'>(puncta</span> <span class='ocrx_word' id='word_1_257' title='bbox 336 2359 392 2389; x_wconf 87' lang='lat' dir='ltr'>m.</span> <span class='ocrx_word' id='word_1_258' title='bbox 433 2346 484 2401; x_wconf 80' lang='lat'>2)</span> <span class='ocrx_word' id='word_1_259' title='bbox 531 2348 574 2387; x_wconf 83' lang='grc' dir='ltr'><strong>Η</strong></span> <span class='ocrx_word' id='word_1_260' title='bbox 626 2345 845 2389; x_wconf 84' lang='lat' dir='ltr'>incendes</span> <span class='ocrx_word' id='word_1_261' title='bbox 883 2349 922 2387; x_wconf 82' lang='grc' dir='ltr'>Β.</span> <span class='ocrx_word' id='word_1_262' title='bbox 966 2346 982 2402; x_wconf 90' lang='grc' dir='ltr'>ΙΙ</span> <span class='ocrx_word' id='word_1_263' title='bbox 1027 2349 1113 2389; x_wconf 80' lang='grc'>437</span> <span class='ocrx_word' id='word_1_264' title='bbox 1153 2344 1270 2388; x_wconf 73' lang='lat' dir='ltr'>uicit</span> <span class='ocrx_word' id='word_1_265' title='bbox 1315 2347 1377 2387; x_wconf 84' lang='lat' dir='ltr'>H:</span> <span class='ocrx_word' id='word_1_266' title='bbox 1431 2343 1579 2387; x_wconf 76' lang='lat' dir='ltr'>uincit</span> <span class='ocrx_word' id='word_1_267' title='bbox 1624 2341 1780 2400; x_wconf 71' lang='lat' dir='ltr'>ceteri!</span> 
     </span>
     <span class='ocr_line' id='line_1_33' title="bbox 99 2402 1783 2461; baseline -0.005 -10"><span class='ocrx_word' id='word_1_268' title='bbox 99 2411 186 2451; x_wconf 89' lang='lat'>438</span> <span class='ocrx_word' id='word_1_269' title='bbox 227 2404 474 2450; x_wconf 72' lang='lat' dir='ltr'>stillabunt</span> <span class='ocrx_word' id='word_1_270' title='bbox 511 2404 745 2461; x_wconf 76' lang='lat' dir='ltr'>Heynius:</span> <span class='ocrx_word' id='word_1_271' title='bbox 786 2403 1023 2449; x_wconf 73' lang='lat' dir='ltr'>sudabunt</span> <span class='ocrx_word' id='word_1_272' title='bbox 1053 2407 1083 2446; x_wconf 92' lang='grc'>0</span> <span class='ocrx_word' id='word_1_273' title='bbox 1135 2405 1141 2459; x_wconf 95' lang='grc' dir='ltr'>Ι</span> <span class='ocrx_word' id='word_1_274' title='bbox 1191 2402 1332 2446; x_wconf 87' lang='lat' dir='ltr'>mirra</span> <span class='ocrx_word' id='word_1_275' title='bbox 1362 2405 1451 2444; x_wconf 78' lang='grc' dir='ltr'>ΗΒ</span> <span class='ocrx_word' id='word_1_276' title='bbox 1489 2415 1646 2457; x_wconf 86' lang='lat' dir='ltr'>myrra</span> <span class='ocrx_word' id='word_1_277' title='bbox 1676 2404 1754 2443; x_wconf 80' lang='lat' dir='ltr'>AL</span> <span class='ocrx_word' id='word_1_278' title='bbox 1780 2402 1783 2457; x_wconf 82' lang='grc' dir='ltr'>Ι</span> 
     </span>
     <span class='ocr_line' id='line_1_34' title="bbox 99 2459 1792 2518; baseline -0.004 -8"><span class='ocrx_word' id='word_1_279' title='bbox 99 2470 185 2510; x_wconf 88' lang='grc'>439</span> <span class='ocrx_word' id='word_1_280' title='bbox 221 2464 392 2518; x_wconf 78' lang='lat' dir='ltr'>castos]</span> <span class='ocrx_word' id='word_1_281' title='bbox 425 2463 588 2507; x_wconf 85' lang='lat' dir='ltr'>dascos</span> <span class='ocrx_word' id='word_1_282' title='bbox 618 2466 657 2505; x_wconf 72' lang='lat' dir='ltr'>A</span> <span class='ocrx_word' id='word_1_283' title='bbox 695 2463 826 2518; x_wconf 79' lang='lat' dir='ltr'>(corr.</span> <span class='ocrx_word' id='word_1_284' title='bbox 859 2463 902 2518; x_wconf 79' lang='lat' dir='ltr'>a.)</span> <span class='ocrx_word' id='word_1_285' title='bbox 933 2467 972 2505; x_wconf 82' lang='lat' dir='ltr'>R</span> <span class='ocrx_word' id='word_1_286' title='bbox 1014 2464 1020 2518; x_wconf 92' lang='grc' dir='ltr'>Ι</span> <span class='ocrx_word' id='word_1_287' title='bbox 1062 2461 1278 2506; x_wconf 77' lang='lat' dir='ltr'>accendit</span> <span class='ocrx_word' id='word_1_288' title='bbox 1307 2464 1395 2503; x_wconf 80' lang='lat' dir='ltr'>HR.</span> <span class='ocrx_word' id='word_1_289' title='bbox 1438 2463 1444 2517; x_wconf 93' lang='grc' dir='ltr'>Ι</span> <span class='ocrx_word' id='word_1_290' title='bbox 1489 2459 1647 2516; x_wconf 86' lang='lat' dir='ltr'>spinus</span> <span class='ocrx_word' id='word_1_291' title='bbox 1678 2459 1792 2504; x_wconf 86' lang='lat' dir='ltr'>Leo-</span> 
     </span>
     <span class='ocr_line' id='line_1_35' title="bbox 96 2515 1795 2581; baseline -0.004 -12"><span class='ocrx_word' id='word_1_292' title='bbox 96 2525 276 2581; x_wconf 78' lang='lat' dir='ltr'>pardus</span> <span class='ocrx_word' id='word_1_293' title='bbox 309 2524 316 2579; x_wconf 89' lang='grc' dir='ltr'>Ι</span> <span class='ocrx_word' id='word_1_294' title='bbox 352 2521 515 2566; x_wconf 86' lang='lat' dir='ltr'>odores</span> <span class='ocrx_word' id='word_1_295' title='bbox 546 2524 627 2564; x_wconf 79' lang='lat' dir='ltr'>HL</span> <span class='ocrx_word' id='word_1_296' title='bbox 657 2521 673 2577; x_wconf 89' lang='grc' dir='ltr'>ΙΙ</span> <span class='ocrx_word' id='word_1_297' title='bbox 704 2525 791 2564; x_wconf 91' lang='grc'>440</span> <span class='ocrx_word' id='word_1_298' title='bbox 823 2520 930 2565; x_wconf 90' lang='lat' dir='ltr'>Non</span> <span class='ocrx_word' id='word_1_299' title='bbox 959 2526 992 2563; x_wconf 91' lang='lat' dir='ltr'>L</span> <span class='ocrx_word' id='word_1_300' title='bbox 1028 2522 1033 2575; x_wconf 89' lang='grc' dir='ltr'>Ι</span> <span class='ocrx_word' id='word_1_301' title='bbox 1068 2521 1191 2576; x_wconf 85' lang='lat' dir='ltr'>libys</span> <span class='ocrx_word' id='word_1_302' title='bbox 1224 2515 1385 2564; x_wconf 86' lang='lat' dir='ltr'>assirio</span> <span class='ocrx_word' id='word_1_303' title='bbox 1410 2522 1448 2561; x_wconf 83' lang='lat' dir='ltr'>A</span> <span class='ocrx_word' id='word_1_304' title='bbox 1487 2521 1503 2576; x_wconf 91' lang='grc' dir='ltr'>ΙΙ</span> <span class='ocrx_word' id='word_1_305' title='bbox 1540 2523 1624 2562; x_wconf 87' lang='grc'>441</span> <span class='ocrx_word' id='word_1_306' title='bbox 1659 2518 1795 2563; x_wconf 77' lang='lat' dir='ltr'>Vana</span> 
     </span>
     <span class='ocr_line' id='line_1_36' title="bbox 99 2578 1794 2637; baseline -0.005 -10"><span class='ocrx_word' id='word_1_307' title='bbox 99 2583 345 2627; x_wconf 74' lang='lat' dir='ltr'>Heinsius:</span> <span class='ocrx_word' id='word_1_308' title='bbox 385 2580 558 2636; x_wconf 88' lang='lat' dir='ltr'>Magna</span> <span class='ocrx_word' id='word_1_309' title='bbox 589 2584 619 2623; x_wconf 92' lang='lat'>0</span> <span class='ocrx_word' id='word_1_310' title='bbox 671 2581 678 2636; x_wconf 88' lang='grc' dir='ltr'>Ι</span> <span class='ocrx_word' id='word_1_311' title='bbox 728 2593 802 2623; x_wconf 90' lang='lat' dir='ltr'>me</span> <span class='ocrx_word' id='word_1_312' title='bbox 840 2592 898 2623; x_wconf 90' lang='lat' dir='ltr'>ne</span> <span class='ocrx_word' id='word_1_313' title='bbox 937 2579 1171 2637; x_wconf 73' lang='lat' dir='ltr'>Heynins:</span> <span class='ocrx_word' id='word_1_314' title='bbox 1213 2591 1270 2622; x_wconf 93' lang='lat' dir='ltr'>ne</span> <span class='ocrx_word' id='word_1_315' title='bbox 1310 2579 1364 2622; x_wconf 69' lang='lat' dir='ltr'>ut</span> <span class='ocrx_word' id='word_1_316' title='bbox 1392 2581 1474 2620; x_wconf 82' lang='lat' dir='ltr'>HL</span> <span class='ocrx_word' id='word_1_317' title='bbox 1512 2590 1598 2621; x_wconf 91' lang='lat' dir='ltr'>nec</span> <span class='ocrx_word' id='word_1_318' title='bbox 1631 2578 1679 2622; x_wconf 72' lang='lat' dir='ltr'>et</span> <span class='ocrx_word' id='word_1_319' title='bbox 1708 2580 1794 2619; x_wconf 78' lang='lat' dir='ltr'>AB.</span> 
     </span>
     <span class='ocr_line' id='line_1_37' title="bbox 99 2635 1794 2696; baseline -0.005 -10"><span class='ocrx_word' id='word_1_320' title='bbox 99 2656 184 2686; x_wconf 89' lang='lat' dir='ltr'>nec</span> <span class='ocrx_word' id='word_1_321' title='bbox 216 2655 290 2685; x_wconf 91' lang='lat' dir='ltr'>me</span> <span class='ocrx_word' id='word_1_322' title='bbox 322 2639 526 2696; x_wconf 73' lang='lat' dir='ltr'>Scaliqer</span> <span class='ocrx_word' id='word_1_323' title='bbox 552 2641 559 2696; x_wconf 95' lang='grc' dir='ltr'>Ι</span> <span class='ocrx_word' id='word_1_324' title='bbox 588 2638 796 2683; x_wconf 88' lang='lat' dir='ltr'>comunis</span> <span class='ocrx_word' id='word_1_325' title='bbox 817 2643 856 2680; x_wconf 83' lang='lat' dir='ltr'>B.</span> <span class='ocrx_word' id='word_1_326' title='bbox 883 2638 890 2693; x_wconf 90' lang='grc' dir='ltr'>Ι</span> <span class='ocrx_word' id='word_1_327' title='bbox 918 2639 1154 2682; x_wconf 82' lang='lat' dir='ltr'>alumnam</span> <span class='ocrx_word' id='word_1_328' title='bbox 1182 2637 1425 2682; x_wconf 76' lang='lat' dir='ltr'>Heinsius:</span> <span class='ocrx_word' id='word_1_329' title='bbox 1459 2635 1682 2693; x_wconf 86' lang='lat' dir='ltr'>alumpna</span> <span class='ocrx_word' id='word_1_330' title='bbox 1705 2639 1794 2678; x_wconf 78' lang='grc' dir='ltr'>ΔΗ</span> 
     </span>
     <span class='ocr_line' id='line_1_38' title="bbox 102 2694 1793 2755; baseline -0.004 -10"><span class='ocrx_word' id='word_1_331' title='bbox 102 2701 293 2744; x_wconf 87' lang='lat' dir='ltr'>alumna</span> <span class='ocrx_word' id='word_1_332' title='bbox 314 2703 394 2741; x_wconf 83' lang='lat' dir='ltr'>LB</span> <span class='ocrx_word' id='word_1_333' title='bbox 415 2699 432 2755; x_wconf 91' lang='grc' dir='ltr'>ΙΙ</span> <span class='ocrx_word' id='word_1_334' title='bbox 455 2702 541 2741; x_wconf 88' lang='grc'>442</span> <span class='ocrx_word' id='word_1_335' title='bbox 568 2696 843 2752; x_wconf 84' lang='lat' dir='ltr'>Oomnibus‚</span> <span class='ocrx_word' id='word_1_336' title='bbox 876 2698 954 2742; x_wconf 77' lang='lat' dir='ltr'>alt.</span> <span class='ocrx_word' id='word_1_337' title='bbox 982 2711 1008 2741; x_wconf 93' lang='grc' dir='ltr'>ο</span> <span class='ocrx_word' id='word_1_338' title='bbox 1033 2698 1141 2751; x_wconf 84' lang='lat' dir='ltr'>del.‚</span> <span class='ocrx_word' id='word_1_339' title='bbox 1172 2700 1212 2738; x_wconf 77' lang='lat' dir='ltr'><strong>R</strong></span> <span class='ocrx_word' id='word_1_340' title='bbox 1237 2697 1244 2752; x_wconf 91' lang='grc' dir='ltr'>Ι</span> <span class='ocrx_word' id='word_1_341' title='bbox 1271 2694 1524 2740; x_wconf 73' lang='lat' dir='ltr'>tumulabit</span> <span class='ocrx_word' id='word_1_342' title='bbox 1546 2699 1600 2738; x_wconf 91' lang='lat' dir='ltr'>L:</span> <span class='ocrx_word' id='word_1_343' title='bbox 1635 2709 1793 2738; x_wconf 90' lang='lat' dir='ltr'>cumu-</span> 
     </span>
     <span class='ocr_line' id='line_1_39' title="bbox 100 2753 1792 2814; baseline -0.004 -10"><span class='ocrx_word' id='word_1_344' title='bbox 100 2760 223 2804; x_wconf 74' lang='lat' dir='ltr'>labit</span> <span class='ocrx_word' id='word_1_345' title='bbox 252 2761 386 2801; x_wconf 78' lang='grc' dir='ltr'><strong>ΑΗΒ,</strong></span> <span class='ocrx_word' id='word_1_346' title='bbox 429 2759 445 2814; x_wconf 92' lang='grc' dir='ltr'>ΙΙ</span> <span class='ocrx_word' id='word_1_347' title='bbox 490 2762 576 2801; x_wconf 86' lang='grc'>443</span> <span class='ocrx_word' id='word_1_348' title='bbox 609 2755 803 2813; x_wconf 70' lang='lat' dir='ltr'>matres]</span> <span class='ocrx_word' id='word_1_349' title='bbox 838 2755 1031 2801; x_wconf 73' lang='lat' dir='ltr'>comites</span> <span class='ocrx_word' id='word_1_350' title='bbox 1063 2760 1095 2797; x_wconf 95' lang='lat' dir='ltr'>L</span> <span class='ocrx_word' id='word_1_351' title='bbox 1140 2754 1147 2812; x_wconf 92' lang='grc' dir='ltr'>Ι</span> <span class='ocrx_word' id='word_1_352' title='bbox 1197 2753 1525 2811; x_wconf 84' lang='lat' dir='ltr'>ancillarisque</span> <span class='ocrx_word' id='word_1_353' title='bbox 1557 2753 1792 2810; x_wconf 75' lang='lat' dir='ltr'>Silliyius:</span> 
     </span>
     <span class='ocr_line' id='line_1_40' title="bbox 101 2812 1795 2872; baseline -0.005 -9"><span class='ocrx_word' id='word_1_354' title='bbox 101 2817 361 2872; x_wconf 83' lang='lat' dir='ltr'>ancillariq;</span> <span class='ocrx_word' id='word_1_355' title='bbox 407 2820 495 2859; x_wconf 81' lang='lat' dir='ltr'>HR</span> <span class='ocrx_word' id='word_1_356' title='bbox 549 2815 874 2870; x_wconf 82' lang='lat' dir='ltr'>ancillarumq3</span> <span class='ocrx_word' id='word_1_357' title='bbox 920 2818 997 2858; x_wconf 82' lang='lat' dir='ltr'>AL</span> <span class='ocrx_word' id='word_1_358' title='bbox 1047 2817 1053 2872; x_wconf 95' lang='grc' dir='ltr'>Ι</span> <span class='ocrx_word' id='word_1_359' title='bbox 1104 2812 1293 2859; x_wconf 71' lang='lat' dir='ltr'>maritas</span> <span class='ocrx_word' id='word_1_360' title='bbox 1339 2818 1399 2858; x_wconf 83' lang='lat' dir='ltr'>R:</span> <span class='ocrx_word' id='word_1_361' title='bbox 1453 2812 1656 2857; x_wconf 84' lang='lat' dir='ltr'>marinas</span> <span class='ocrx_word' id='word_1_362' title='bbox 1705 2814 1795 2854; x_wconf 74' lang='lat' dir='ltr'>Au</span> 
     </span>
     <span class='ocr_line' id='line_1_41' title="bbox 102 2878 412 2922; baseline -0.01 0"><span class='ocrx_word' id='word_1_363' title='bbox 102 2878 315 2922; x_wconf 71' lang='lat' dir='ltr'>cateruas</span> <span class='ocrx_word' id='word_1_364' title='bbox 344 2879 412 2919; x_wconf 82' lang='lat' dir='ltr'>La.</span> 
     </span>
    </p>
   </div>
  </div>
 </body>
</html>
