1992 3238
185 182 255 236 70
579 181 699 227 XVI.
733 181 1046 227 APPENDIX
1076 181 1471 227 VERGILIANA.

185 316 567 386 Scipiadaeque
607 315 766 369 duces
775 357 790 384 ,
828 334 1054 386 quorum
1092 316 1287 370 deuota
1323 317 1611 387 triumphis
1783 332 1869 373 370

182 390 398 443 Moenia
437 389 665 442 dumetis
702 389 938 459 Libycae
978 388 1325 460 Carthaginis
1364 390 1599 445 horrent.
1782 406 1867 446 371

181 463 303 516 Iure
341 463 508 532 igitur
545 462 646 515 tali
686 463 838 516 sedes
876 463 1094 532 pietatis
1132 463 1411 532 honorest3
1783 479 1868 519 369

181 536 271 588 Illi
308 537 464 589 laude
506 555 604 589 sua
641 536 885 606 uigeant:
926 554 1026 606 ego
1065 537 1209 590 Ditis
1250 555 1446 606 opacos
1782 552 1868 593 372

186 607 367 679 Cogor
405 610 551 663 adire
590 610 760 675 lacus,
799 610 989 663 uiduos
1029 612 1082 663 a!
1123 611 1324 663 lumine
1361 610 1594 679 Phoebi,

181 682 258 735 Et
295 686 510 736 uastum
549 682 944 753 Phlegethonta
981 683 1119 752 pati,
1158 702 1285 752 quo,
1324 685 1556 737 maxime
1595 684 1796 754 Minos,

184 753 567 810 Conscelerata
604 757 695 825 pia
734 757 992 809 discernis
1032 757 1244 810 saecula
1283 758 1422 810 sede.
1783 772 1869 812 375

181 830 330 899 Ergo
369 831 478 882 iam
518 848 734 884 causam
774 830 994 899 mortis,
1032 830 1140 883 iam
1180 830 1355 883 dicere
1393 831 1538 884 uitae

182 902 511 956 Verberibus
552 922 743 957 saeuae
783 907 985 973 cogunt
1023 904 1123 957 sub
1161 903 1335 957 iudice
1372 904 1608 973 Poenae,

182 975 318 1030 Cum
356 977 490 1030 mihi
527 981 589 1030 tu
629 978 702 1030 sis
743 996 906 1030 causa
942 977 1071 1031 mali
1111 995 1211 1030 nec
1250 979 1493 1031 conscius
1534 978 1677 1031 adsis

181 1049 625 1103 Intolerabilibus
665 1052 820 1104 curis.
881 1069 992 1103 non
1029 1051 1295 1104 inmemor
1333 1051 1512 1115 audiS,

181 1122 256 1175 Et
293 1126 476 1176 tamen
514 1127 575 1176 ut
611 1126 785 1177 noctis
817 1124 1065 1176 dimittes
1105 1125 1316 1179 somnia
1354 1126 1556 1194 uentis,
1782 1139 1869 1179 380

301 1318 410 1370 370,
451 1318 503 1357 71
561 1316 666 1357 ante
711 1317 796 1356 369
844 1315 1004 1369 posuit
1050 1313 1292 1370 Hauptius
1336 1315 1352 1370 ΙΙ
1397 1319 1483 1358 370
1533 1313 1871 1371 Scipiadaeque

182 1372 445 1428 Hauptius:
479 1371 816 1428 Scipiadasque
847 1375 885 1413 V
923 1372 1122 1417 Istarum
1151 1372 1407 1429 piadasque
1438 1376 1511 1415 Bc
1552 1374 1622 1429 (in
1650 1377 1683 1416 B
1717 1373 1783 1418 sci
1812 1387 1868 1417 m.

179 1445 265 1475 ree.
297 1433 543 1488 suprascr.)
577 1431 777 1474 Istarum
807 1430 875 1486 pii
906 1431 968 1475 ad
998 1445 1140 1488 asque
1171 1435 1213 1474 11
1248 1431 1379 1487 (Istic
1411 1431 1734 1488 scipiadasque
1757 1446 1813 1478 m.
1838 1434 1871 1476 2

180 1492 313 1546 corr.)
363 1492 370 1546 Ι
421 1489 612 1547 deuota]
654 1489 875 1534 damnata
913 1491 1022 1534 olim
1059 1491 1230 1535 conieci
1273 1491 1290 1547 ΙΙ
1335 1495 1419 1535 371
1454 1490 1655 1535 dumetis
1685 1491 1870 1547 scripsi:

180 1548 384 1593 romanis
413 1552 452 1590 V
482 1547 659 1605 rapidis
690 1552 765 1590 Bc
799 1549 868 1604 (iri
897 1553 931 1591 B
962 1564 1019 1594 m.
1051 1563 1138 1593 rec.
1169 1548 1219 1592 ni
1247 1563 1393 1605 supra
1424 1548 1472 1592 di
1500 1551 1602 1605 scr.)
1635 1549 1806 1606 iapidis
1829 1553 1872 1592 Η

182 1607 487 1652 arundinibus
517 1607 725 1651 Naekius
763 1607 995 1652 Romanos
1025 1608 1231 1652 Kochius
1270 1608 1514 1652 ruderibus
1545 1609 1872 1665 Hertzberyius

179 1679 268 1710 uae
307 1666 484 1723 rapidis
522 1666 797 1711 Ribbeckius
841 1667 1049 1723 uepretis
1088 1667 1332 1723 Hauptius
1378 1667 1387 1723 Ι
1434 1667 1618 1724 lybicae
1657 1672 1685 1709 c
1731 1666 1871 1712 libice

181 1729 272 1793 HV
310 1725 611 1794 locartaginis
642 1729 773 1767 BHV
815 1728 821 1781 Ι
863 1726 1031 1770 horent
1053 1729 1095 1768 Η
1124 1740 1181 1770 m.
1206 1730 1232 1770 1
1272 1728 1288 1783 ΙΙ
1327 1731 1412 1770 369
1444 1725 1531 1770 tali
1562 1751 1622 1758 —-
1651 1726 1874 1795 honorest

178 1784 1175 1900 {irsspiise‚tssfflzfflafflffngrisessgohssfirgssa
1189 1784 1871 1901 Ἑΐοέἒῖιιῖῗαῖῗαζῆθῗῖἒῖἱὲ

179 1905 330 1944 BHV:
363 1915 538 1946 uacuos
561 1906 589 1943 c
616 1902 623 1959 Ι
651 1906 698 1945 a!
731 1902 976 1947 Heinsius:
1009 1916 1038 1947 a
1064 1916 1274 1958 praepos.
1299 1903 1438 1960 uulgo
1466 1904 1472 1958 Ι
1499 1901 1660 1947 limine
1680 1907 1723 1945 Η
1745 1917 1802 1947 m.
1827 1908 1871 1960 1,

182 1965 235 2004 ut
266 1961 362 2004 uid.
388 1961 403 2016 ΙΙ
426 1965 513 2004 374
543 1960 851 2017 phlegetonta
873 1965 916 2004 Η
946 1962 1266 2018 phelegethon
1295 1963 1364 2016 (ta
1393 1962 1499 2006 add.
1524 1976 1582 2006 m.
1605 1963 1707 2018 rec.)
1732 1965 1765 2004 B
1795 1961 1874 2006 fle·
1963 2007 1966 2008 Β

179 2021 374 2076 getonV
400 2021 407 2074 Ι
433 2019 635 2064 maxime
659 2019 961 2065 Schraderus:
986 2020 1191 2064 maxima
1215 2024 1245 2062 0
1269 2022 1285 2078 ΙΙ
1309 2025 1394 2064 375
1423 2019 1537 2065 Cum
1563 2020 1867 2077 scelerataVl

181 2077 401 2122 discernis
427 2077 729 2123 Schraderus:
755 2077 979 2123 discernit
1003 2083 1033 2122 0
1062 2081 1067 2134 Ι
1097 2080 1283 2124 saecula
1306 2079 1608 2124 Schraderus:
1632 2078 1822 2123 uincula
1839 2083 1870 2121 0

178 2136 343 2181 limina
367 2137 609 2182 Iacobsius
631 2138 647 2194 ΙΙ
670 2142 756 2182 376
788 2137 883 2181 iam
908 2163 961 2170 —-
987 2137 1084 2182 iam
1117 2139 1149 2180 ς
1159 2156 1170 2181 :
1202 2152 1346 2194 quam
1370 2164 1425 2172 ›—
1448 2138 1544 2182 iam
1569 2141 1600 2180 0
1633 2138 1786 2195 (etiam
1809 2141 1870 2191 V;
1888 2155 1899 2160 κ

181 2197 243 2240 ad
272 2195 365 2239 iam
395 2199 429 2237 B
461 2209 547 2253 my.
571 2198 594 2238 1
624 2198 733 2252 qua)
763 2198 769 2252 Ι
797 2196 950 2240 dicere
975 2197 1027 2240 ςε
1060 2196 1235 2241 discere
1260 2201 1291 2239 0
1315 2198 1331 2253 ΙΙ
1355 2201 1440 2240 377
1473 2209 1609 2240 scene
1633 2200 1694 2250 113
1729 2210 1869 2241 saeuo

179 2254 379 2299 Bembus
419 2257 426 2310 Ι
469 2255 554 2299 sub
584 2254 808 2312 Scaliyer:
841 2256 901 2300 ab
934 2259 964 2297 0
999 2256 1045 2312 (a
1074 2259 1133 2312 Η)
1175 2257 1182 2311 Ι
1224 2269 1342 2312 pene
1373 2259 1415 2298 Η
1452 2256 1468 2311 ΙΙ
1507 2260 1592 2300 379
1628 2255 1779 2308 Quom
1809 2259 1871 2298 V:

183 2311 298 2357 Cum
331 2313 464 2357 ceteri
511 2315 517 2370 Ι
566 2313 682 2358 mali
712 2327 798 2358 nec
827 2318 885 2358 V:
925 2314 1040 2358 mali
1070 2327 1129 2359 ne
1161 2318 1189 2355 c
1221 2314 1427 2371 maligne
1458 2318 1501 2356 Η
1531 2314 1767 2371 malignae
1797 2318 1830 2356 B
1860 2313 1867 2373 Ι

183 2371 284 2416 axis
315 2375 353 2413 V
389 2373 395 2427 Ι
427 2376 649 2428 pwnctum
676 2377 779 2429 post
810 2373 934 2417 adsis
963 2374 1104 2430 uulgo
1133 2374 1148 2430 ΙΙ
1180 2378 1266 2417 379
1298 2373 1675 2418 Intolerabilibus
1707 2373 1869 2417 Hertz-

182 2432 386 2488 berqius:
436 2431 527 2476 Sed
571 2431 894 2476 tolerabilibus
934 2436 962 2474 c
1012 2431 1103 2476 Sed
1147 2432 1440 2477 tolerabilius
1478 2436 1611 2474 BEV
1660 2431 1777 2488 (toll.
1810 2434 1869 2488 Η)

181 2490 280 2533 Nec
317 2489 642 2535 tolerabilibus
678 2491 878 2535 Bembus
926 2491 932 2547 Ι
981 2505 1076 2535 non
1111 2492 1297 2548 scripsi:
1343 2492 1434 2535 hoc
1472 2494 1559 2533 HV
1605 2491 1723 2534 haec
1760 2494 1832 2532 Bc
1861 2491 1866 2548 Ι

181 2549 308 2591 imm.
339 2551 373 2590 Β
402 2549 410 2605 Ι
437 2549 517 2593 sed
547 2549 643 2594 iam
674 2564 852 2594 memor
882 2550 991 2594 audi
1018 2550 1343 2607 Hertzberyius
1372 2551 1387 2606 ΙΙ
1419 2554 1505 2594 380
1535 2548 1598 2592 Et
1627 2551 1787 2593 tamen
1817 2556 1873 2594 ut

180 2606 333 2651 noctis
378 2608 564 2663 scripsi:
621 2609 680 2652 Et
717 2610 877 2653 tamen
914 2611 967 2653 ut
1006 2608 1140 2653 uadis
1183 2613 1214 2651 0
1271 2608 1398 2662 Quae
1443 2610 1603 2653 tamen
1640 2609 1692 2651 ut
1738 2608 1871 2653 uanis

181 2665 379 2710 Bembus
421 2665 482 2708 Et
520 2668 675 2711 tamen
714 2681 860 2724 usque
899 2667 1034 2725 uagis
1065 2667 1279 2724 Silliyius
1315 2668 1377 2712 Et
1414 2669 1573 2712 tamen
1614 2664 1704 2710 etsi
1735 2666 1868 2710 audis
1955 2668 1958 2671 ’

182 2724 426 2780 Hauptius
451 2724 514 2768 Ut
537 2727 695 2769 tamen
720 2726 921 2771 audieris
946 2727 1147 2771 Ellisius
1179 2726 1240 2772 Et
1261 2727 1468 2772 lamenta
1489 2725 1623 2782 uagis
1645 2725 1832 2770 Birtius
1860 2726 1866 2783 Ι

183 2783 392 2827 dimittes
425 2784 604 2827 somnia
634 2785 818 2840 scripsi:
860 2785 1102 2830 dimictere
1141 2786 1354 2843 sompnia
1384 2789 1422 2827 V
1463 2784 1648 2829 dimitte
1690 2784 1871 2829 somnia

181 2846 215 2944 ξ
213 2846 339 2944 101Ξᾶ
351 2841 568 2946 ἁΙίἳῑὲφίητὲ-,ῑί
607 2843 762 2887 omnia
801 2845 833 2886 ς
878 2844 1076 2889 dimittis
1123 2845 1304 2890 somnia
1349 2845 1446 2890 edd.
1487 2847 1581 2889 ant.
1630 2842 1870 2887 dimittens
