1992 3238
211 201 283 253 20
825 197 947 243 XVI.
979 197 1292 244 APPENDIX

207 334 459 389 carminis
509 331 764 384 accedunt
810 328 1090 402 Par(isina
1135 334 1407 400 excerpta:
1455 331 1522 385 cf.
1566 351 1616 401 p.
1661 330 1770 402 15).
1831 335 1900 386 ad

200 409 301 461 hos
345 407 513 459 libros
551 405 596 457 si
636 404 894 457 adicimus
933 403 1456 474 H(elmstadiensem:
1504 404 1568 458 cf.
1601 423 1650 474 p.
1688 404 1777 475 16)
1819 405 1899 458 ita

200 482 342 533 inter
382 478 429 530 V
470 481 523 530 et
562 476 601 529 B
621 477 654 529 G
699 478 1050 531 fluctuantem
1087 481 1148 531 ut
1185 479 1356 531 multo
1397 477 1610 546 saepius
1649 496 1771 531 cum
1809 479 1895 532 his

207 553 390 620 faciat,
429 551 688 604 habemus
729 551 1115 620 supellectilem
1148 552 1363 605 criticae
1396 551 1717 604 exercendae
1751 553 1898 604 omni

209 645 273 678 ex
312 627 464 694 parte
505 623 875 677 sufficientem.

351 698 417 750 In
454 697 631 762 Diris,
672 698 991 767 quibuscum
1028 697 1203 764 [lydia
1240 697 1350 750 iam
1391 698 1613 766 antiquo
1651 700 1895 766 tempore

209 775 324 826 erat
354 772 654 839 coniuncta,
687 789 806 824 cum
838 788 1034 840 magno
1060 770 1273 823 criticae
1305 771 1644 824 incommodo
1678 771 1898 824 damno-

205 863 307 915 que
353 863 592 898 caremus
639 844 777 897 libro
825 844 1029 913 aliquo,
1077 843 1168 912 qui
1212 861 1379 912 aeque
1428 862 1490 896 ac
1528 843 1576 896 V
1614 845 1827 914 integer
1867 864 1899 896 a

203 919 326 972 labe
367 919 450 971 sit.
526 918 616 987 qui
656 918 703 970 si
742 921 954 986 praesto
995 919 1158 985 esset,
1202 917 1316 970 sine
1356 917 1517 970 dubio
1557 917 1701 970 haud
1740 918 1900 986 pauci

209 992 317 1045 loci
355 1010 497 1044 nunc
538 991 753 1044 obscuri
791 992 951 1060 longe
991 990 1154 1043 aliam
1192 990 1433 1043 habituri
1471 993 1653 1043 essent
1689 991 1902 1043 faciem.

207 1065 302 1119 sed
341 1083 458 1117 eam
499 1065 566 1117 ob
606 1083 826 1117 causam
857 1067 1070 1133 praeter
1099 1061 1484 1134 B(embinum),
1516 1064 1608 1132 qui
1646 1065 1901 1133 quoniam

208 1139 266 1190 in
303 1138 406 1191 hac
444 1141 597 1206 parte
635 1156 746 1190 non
786 1138 1002 1205 plenam
1042 1138 1302 1189 secundae
1349 1138 1535 1190 classis
1578 1137 1672 1190 dat
1710 1137 1903 1207 imagi-

205 1229 327 1264 nem
385 1210 740 1264 stabiliendus
797 1213 880 1262 est
935 1210 1084 1263 uisus
1137 1207 1427 1280 P(arisino:
1483 1210 1550 1262 cf.
1598 1229 1650 1278 p.
1700 1209 1792 1280 11)
1850 1214 1904 1264 61

205 1283 510 1356 Τ(1111ε11160;
562 1283 626 1336 cf.
665 1302 715 1352 p.
761 1281 849 1354 12)
891 1283 1327 1353 consanguineis,
1365 1283 1587 1336 maximi
1627 1286 1750 1336 sunt
1788 1301 1905 1336 mo-

209 1358 379 1410 menti
417 1356 806 1426 M(onacenses:
846 1357 910 1409 cf.
949 1375 998 1425 p.
1042 1356 1134 1426 14)
1173 1357 1487 1426 plerumque
1527 1356 1741 1425 quidem
1781 1374 1904 1410 cum

206 1432 316 1484 illis
357 1431 752 1484 consentientes
795 1430 888 1482 sed
931 1448 1103 1499 pauca
1150 1430 1334 1483 saltim
1373 1430 1516 1484 bona
1563 1430 1777 1482 aliunde
1818 1448 1904 1482 ac-

209 1505 404 1558 cersita
443 1504 775 1573 praebentes,
838 1504 1029 1571 quibus
1068 1500 1618 1574 H(elmstadiensem),
1657 1506 1718 1556 ut
1748 1502 1903 1556 Itali-

209 1596 390 1632 corum
440 1577 582 1630 adsit
629 1578 920 1646 specimen,
968 1576 1285 1629 addidimus.
1338 1607 1407 1615 --
1463 1595 1528 1629 ex
1577 1576 1902 1629 editionibus

207 1652 569 1720 peculiaribus
625 1650 1125 1703 commemorandae
1177 1650 1534 1703 Wernsdorfii
1593 1652 1755 1719 [poet.
1807 1650 1902 1703 lat.

211 1725 338 1777 min.
362 1724 447 1776 III
479 1744 529 1794 p.
561 1726 585 1776 1
617 1726 770 1793 sqq.],
800 1723 1159 1776 Eichstaedtii
1191 1727 1244 1775 et
1274 1723 1519 1776 Putschii
1549 1723 1731 1789 [Ienae
1762 1723 1903 1776 1826

211 1801 265 1851 61
308 1798 470 1863 1828]
514 1798 846 1866 maximeque
887 1797 1125 1867 Augusti
1162 1795 1358 1850 Naekii
1398 1795 1644 1863 [‘Valerii
1676 1794 1905 1850 Catonis

211 1870 486 1938 carmina',
525 1870 747 1924 Bonnae
793 1870 978 1938 1847]‚
1027 1888 1162 1938 opus
1203 1869 1420 1923 doctum
1461 1873 1515 1922 et
1550 1871 1906 1938 laboriosum3

211 1945 278 1997 cf.
304 1947 358 1997 61
375 1944 546 1998 Maur.
563 1943 893 1997 Schmidtius
918 1944 977 1996 in
1002 1943 1276 2013 Philologi
1299 1942 1557 1997 u01.'VIII
1581 1962 1632 2012 p.
1654 1943 1758 1997 190
1777 1961 1907 2012 sqq.,

212 2018 484 2087 Hauptius
509 2017 781 2071 Hermetis
804 2016 940 2071 VIII
963 2037 1014 2086 p.
1039 2017 1106 2070 12
1131 2019 1226 2083 [=
1249 2035 1427 2085 opusc.
1452 2016 1535 2069 III
1558 2036 1608 2085 p.
1631 2017 1738 2069 613
1753 2019 1907 2086 sqq.].

364 2090 429 2143 In
464 2090 602 2158 Copa
640 2092 834 2143 iterum
873 2109 1059 2159 presse
1097 2091 1222 2142 libri
1252 2089 1300 2142 V
1339 2089 1719 2143 auctoritatem
1760 2091 1908 2159 sequi

214 2183 311 2234 par
339 2165 453 2217 erit.
508 2165 658 2217 iuxta
681 2182 841 2233 quem
873 2182 994 2216 cum
1020 2162 1260 2233 Silligius
1286 2162 1720 2232 Ribbeckiusque
1745 2161 1907 2216 Gudi-

214 2256 378 2290 anum
412 2238 680 2307 quendam
713 2239 766 2289 et
799 2237 1185 2290 Gaibacensem
1217 2240 1269 2289 61
1301 2236 1564 2290 61118111οᾶ1
1594 2237 1762 2289 libros
1796 2254 1909 2289 sae-

212 2313 331 2365 culo
350 2311 455 2364 XV
479 2312 547 2365 ab
573 2311 723 2364 Italis
749 2311 1044 2363 recensitos
1065 2328 1263 2379 ponere
1290 2310 1635 2379 sustinerent,
1659 2311 1906 2380 neglexe-

214 2388 341 2438 runt
379 2403 551 2454 pauca
591 2402 726 2454 quae
765 2384 850 2436 his
891 2385 1076 2436 insunt
1112 2385 1255 2436 bona
1294 2384 1389 2436 uni
1423 2382 1471 2436 V
1509 2384 1690 2436 deberi
1729 2383 1906 2452 (cuius

214 2460 361 2511 lenes
402 2458 662 2527 quosdam
709 2475 913 2511 errores
953 2458 1038 2510 bis
1077 2460 1227 2510 terue
1273 2457 1502 2510 feliciter
1546 2457 1628 2509 illi
1667 2475 1905 2510 correxe-

218 2530 382 2602 runt),
408 2532 500 2583 sed
525 2535 799 2600 praeterea
820 2532 1000 2584 omnia
1023 2531 1082 2583 in
1103 2531 1211 2583 illis
1237 2530 1713 2600 interpolationem
1736 2549 1908 2599 paene

216 2605 463 2658 clamare.
535 2608 589 2657 et
632 2606 850 2658 sordent
897 2606 1061 2658 etiam
1107 2623 1234 2674 prae
1274 2604 1532 2659 Vossiani
1578 2605 1911 2672 praestantia

215 2734 438 2779 traditam
469 2748 552 2778 nos
584 2735 743 2779 tenere
781 2749 940 2780 secure
973 2736 1245 2780 statuemus.
1308 2735 1468 2791 itaque
1501 2733 1542 2777 si
1574 2747 1642 2778 ex.
1675 2749 1742 2790 gr.
1775 2748 1817 2778 u.
1852 2739 1909 2778 37

221 2794 401 2837 ‘sancte
433 2793 573 2850 puer’
609 2797 709 2850 BV,
754 2794 937 2839 ‘sancte
977 2794 1137 2852 pater'
1174 2799 1224 2851 c,
1265 2796 1312 2838 et
1342 2809 1385 2838 u.
1422 2797 1503 2837 186
1548 2792 1775 2848 ‘pupula'
1813 2796 1910 2846 BV,

221 2851 431 2908 ‘pabula’
467 2857 494 2894 c
528 2852 767 2896 exhibent:
810 2854 894 2897 has
928 2853 1323 2911 Cantabrigiensis
1361 2852 1584 2897 lectiones
1616 2865 1700 2908 per
1731 2866 1778 2896 se
1812 2850 1914 2906 qui·

217 2910 328 2954 dem
359 2911 496 2955 nauci
529 2911 800 2956 habeamus,
