1992 3238
198 195 271 248 34
808 193 928 239 xv1.
967 194 1279 241 APPENDIX

198 328 347 382 uirili
388 330 603 397 sumpta
641 346 761 381 cum
809 347 855 383 a.
894 329 964 383 53
1003 328 1231 383 Romam
1276 331 1544 400 proficisci
1592 331 1889 401 susciperet

199 402 342 470 apud
376 400 619 454 Sironem
650 401 1027 471 philosophiae
1059 421 1276 471 operam
1307 409 1619 474 nauatam,
1651 405 1892 458 carmine

196 474 250 527 V
300 473 454 545 (VII)
502 474 779 543 magistris
827 476 985 528 simul
1034 477 1264 530 morosis
1315 477 1665 547 dulcibusque
1713 478 1887 532 Musis

198 547 466 601 ualedicit.
518 566 679 616 porro
712 566 758 601 a.
789 549 858 602 41
900 549 1145 618 uillulae‚
1184 568 1319 619 quae
1351 551 1479 603 olim
1513 550 1719 604 Sironis
1756 555 1890 621 erat,

199 638 256 673 se
296 638 527 690 suosque
567 640 599 675 a
632 622 900 675 ueteranis
939 621 1160 691 fugatos
1197 624 1539 677 commendat
1577 624 1721 677 dulci
1761 643 1888 693 poe·

191 695 360 748 matio
409 693 545 748 VIII
591 693 703 766 (X).
765 696 991 765 denique
1038 713 1079 748 c.
1125 694 1256 749 XIV
1302 694 1454 767 (VI),
1501 697 1642 767 quod
1689 715 1783 751 cur
1827 698 1884 750 in

191 767 298 821 fine
343 767 536 821 horum
584 769 882 821 carminum
930 769 1002 821 sit
1053 769 1288 836 positum
1347 771 1456 823 iam
1501 771 1652 823 uides
1663 813 1679 839 ,
1731 771 1884 824 breui

192 843 319 894 ante
343 844 575 895 mortem
605 845 847 910 tempore
870 841 1000 895 fecit
1026 860 1124 911 pro
1147 842 1382 896 finienda
1404 844 1623 896 tandem
1646 843 1886 897 Aeneide

189 917 318 968 uota
353 915 433 968 dis
464 915 653 968 ferens,
690 946 753 952 —-
791 919 846 968 et
874 915 1008 968 haec
1041 915 1255 984 quidem
1289 934 1409 969 cum
1440 917 1742 971 indubitate
1774 918 1884 970 sint

190 987 435 1058 Vergilio
475 988 818 1054 uindicanda,
863 1007 961 1042 nec
1015 1007 1178 1042 causa
1217 992 1300 1043 est
1338 1008 1431 1043 cur
1470 991 1711 1043 carmina
1748 990 1775 1043 I
1814 991 1882 1044 ad

188 1060 422 1115 Tuccam
478 1065 533 1114 et
580 1061 688 1114 VII
745 1060 870 1132 (IX)
925 1062 993 1115 ad
1045 1062 1271 1115 Varium
1326 1063 1454 1116 data
1517 1064 1884 1117 abiudicemus

188 1135 374 1188 eidem.
421 1153 594 1204 neque
625 1153 955 1205 magnopere
988 1135 1216 1205 litigabo
1249 1137 1311 1189 de
1338 1137 1574 1190 carmine
1598 1136 1679 1190 III
1706 1135 1884 1207 (XII),

187 1209 330 1276 quod
355 1226 477 1261 cum
502 1209 631 1261 olim
664 1208 730 1260 ad
754 1209 1052 1261 Antonium
1085 1211 1179 1261 aut
1204 1209 1519 1278 Pompeium
1545 1213 1639 1263 aut
1662 1210 1879 1263 Mithri-

186 1281 367 1334 datem
407 1284 650 1350 spectare
689 1282 1015 1350 putauerint‚
1053 1283 1251 1335 rectius
1291 1283 1359 1335 ad
1390 1283 1719 1336 Phrahatem
1749 1283 1880 1336 Par·

183 1355 400 1408 thorum
420 1371 613 1425 ‚regem
646 1355 844 1408 referre
877 1355 1012 1408 mihi
1051 1355 1240 1409 uideor
1279 1354 1465 1427 (quam
1498 1358 1882 1427 coniecturam,

186 1428 311 1481 dum
350 1429 435 1482 his
477 1447 741 1482 summam
782 1447 1003 1482 manum
1042 1430 1284 1498 impono,
1330 1430 1487 1483 uideo
1530 1433 1877 1499 praeceptam

183 1521 217 1554 a
255 1502 372 1555 uiro
413 1501 721 1555 doctissimo
753 1502 821 1556 H.
853 1502 1163 1572 Nettleship
1195 1503 1324 1556 libri
1365 1502 1606 1556 ‘ancient
1643 1503 1778 1557 lives
1822 1504 1886 1557 of

182 1574 397 1646 Vergil'
438 1574 678 1629 Oxoniae
717 1594 763 1629 a.
807 1576 949 1629 1879
990 1576 1119 1629 editi
1165 1594 1217 1644 p.
1258 1576 1330 1630 35
1355 1576 1478 1648 sq),
1524 1577 1665 1629 unde
1717 1595 1760 1631 a.
1804 1578 1877 1630 32

183 1668 228 1702 a.
263 1647 385 1703 Chr.
424 1649 536 1703 fere
568 1649 923 1718 compositum
957 1667 1072 1702 esse
1105 1650 1394 1720 colligitur.
1439 1680 1503 1688 —
1547 1651 1725 1703 minus
1765 1651 1875 1703 iam

182 1726 329 1776 certa
375 1726 457 1776 est
503 1740 589 1776 res
643 1723 707 1775 de
755 1723 990 1776 carmine
1039 1723 1266 1777 obscuro
1313 1723 1368 1776 II
1422 1724 1481 1776 in
1528 1723 1587 1776 Τ.
1634 1723 1875 1776 Annium

182 1794 463 1849 Cimbrum
533 1795 621 1866 (de
684 1814 790 1866 quo
844 1797 909 1849 cf.
965 1796 1289 1850 Ribbeckius
1343 1797 1510 1866 praef.
1565 1816 1615 1866 p.
1665 1796 1746 1869 6),
1809 1797 1875 1851 de

182 1888 222 1923 c.
255 1869 335 1923 VI
368 1867 499 1941 (III)
540 1873 594 1922 et
624 1869 731 1922 XII
764 1868 890 1940 (IV)
931 1869 1261 1924 Noctuinum
1300 1870 1635 1940 Atiliumque
1675 1889 1874 1924 uexan-

186 1943 359 2013 tibus3
397 1944 560 2014 plane
599 1944 805 1997 incerta
843 1943 907 1996 de
948 1962 989 1997 0.
1027 1943 1163 1996 XIII
1202 1942 1302 2015 (V)
1342 1944 1400 1997 in
1438 1943 1660 1997 Lucium
1702 1944 1877 1998 cinae-

183 2016 323 2070 dum.
387 2020 445 2070 at
483 2035 524 2070 0.
562 2016 641 2071 IX
679 2016 808 2088 (XI)
853 2049 916 2056 ——
967 2018 1195 2086 elegiam
1245 2018 1309 2071 ad
1349 2017 1657 2071 Messallam
1705 2018 1873 2088 uulgo

183 2094 378 2143 uocant
421 2122 512 2160 ——‚
556 2094 618 2143 ut
656 2095 739 2143 est
786 2091 1009 2160 puerilis
1054 2091 1235 2160 poesis
1276 2092 1567 2160 specimen,
1617 2090 1765 2144 omni
1805 2109 1873 2143 ex

180 2167 332 2232 parte
372 2164 652 2234 indignum
682 2163 950 2234 Vergilio:
988 2164 1329 2234 Lygdamum
1371 2167 1425 2217 et
1461 2163 1773 2234 panegyrici
1812 2165 1869 2217 in

177 2237 488 2291 Messallam
550 2238 692 2291 inter
752 2238 1246 2307 pseudotibulliana
1304 2238 1538 2291 extantis
1592 2240 1869 2291 auctorem

175 2314 318 2364 recte
396 2312 454 2364 in
523 2313 981 2380 comparationem
1048 2315 1211 2365 uocat
1276 2311 1603 2365 Ribbeckius
1681 2311 1868 2379 [praef.

175 2403 225 2453 p.
272 2385 337 2438 12
364 2387 489 2455 sq.];
537 2385 601 2438 cf.
649 2388 704 2438 et
746 2386 962 2438 libellus
1010 2403 1159 2438 meus
1202 2384 1560 2438 ‘Tibullische
1599 2384 1866 2437 Blaetter'

176 2459 469 2527 inscriptus
508 2478 559 2528 p.
600 2458 685 2511 51.
744 2477 916 2528 neque
954 2459 1088 2511 mihi
1126 2458 1449 2528 persuadere
1474 2476 1709 2530 =possum
1749 2475 1867 2511 esse

175 2530 493 2601 Vergiliana
541 2533 643 2586 duo
691 2533 755 2586 de
804 2532 1027 2586 Octauio
1074 2532 1231 2586 Musa
1278 2533 1518 2585 carmina
1565 2530 1645 2583 IV
1684 2530 1864 2602 (XIII)

176 2608 231 2657 et
268 2604 347 2657 XI
387 2603 593 2677 (XIV);
640 2625 768 2659 nam
815 2625 879 2659 ea
924 2606 993 2659 ad
1041 2625 1208 2659 unum
1249 2605 1533 2659 Octauium
1572 2603 1783 2657 Musam
1834 2624 1865 2657 a

177 2677 364 2731 Seruio
398 2679 463 2730 ad
491 2678 655 2749 Verg.
681 2680 775 2733 ecl.
799 2679 877 2732 IX
905 2681 933 2732 7
970 2683 1023 2733 et
1053 2680 1218 2733 schol.
1250 2679 1409 2732 Bern.
1443 2678 1508 2732 ad
1542 2678 1635 2730 ecl.
1668 2677 1805 2730 VIII
1830 2678 1864 2730 6

176 2757 657 2805 commemoratum
688 2754 957 2821 pertinere
988 2754 1124 2807 uidit
1147 2753 1473 2807 Ribbeckius
1503 2751 1690 2820 [praef.
1714 2770 1764 2819 p.
1790 2751 1864 2817 9].

175 2825 495 2879 historicum
526 2826 761 2879 nobilem
800 2827 965 2880 fuisse
1001 2828 1153 2880 illum
1187 2827 1385 2880 euincit
1414 2828 1698 2893 utrumque
1737 2841 1862 2893 poe-

173 2900 405 2969 mation3
438 2903 491 2951 et
524 2899 866 2953 adnotatione
900 2901 1120 2971 dignum
1152 2905 1284 2970 puto
1316 2901 1374 2952 in
1406 2898 1595 2952 incerti
1629 2898 1862 2950 auctoris
