1992 3238
210 197 281 249 90
603 190 721 235 XVI.
753 186 1065 232 APPENDIX
1094 184 1486 230 VERGILIANA.

213 329 316 391 Qui
353 329 506 380 tanto
545 327 722 377 motus
762 322 932 391 operi,
972 339 1107 391 quae
1146 323 1301 374 tanta
1338 322 1581 389 potestas
1833 331 1888 371 25

207 401 457 468 Explicet
493 399 796 450 inmensum
833 395 1076 450 flammas
1117 398 1170 446 et
1207 394 1390 447 trudat
1429 393 1496 445 ab
1536 393 1645 444 imo

208 473 422 543 Ingenti
460 471 639 524 sonitu
678 470 845 522 moles
885 472 939 521 et
975 468 1219 536 proxima
1258 483 1498 537 quaeque

209 546 433 617 Ignibus
472 543 690 613 irriguis
730 545 880 611 urat,
918 559 1067 594 mens
1107 541 1360 593 carminis
1400 540 1533 591 haec
1572 541 1668 591 est.

281 617 552 686 Principio
590 634 657 669 ne
697 633 853 686 quem
893 614 1074 682 capiat
1110 614 1328 666 fallacia
1366 615 1575 680 uatum,

212 691 373 745 Sedes
413 708 528 745 esse
568 690 653 742 dei
690 688 1013 756 tumidisque
1053 705 1080 739 e
1118 686 1363 739 faucibus
1402 687 1583 755 ignem
1832 697 1889 738 30

208 765 439 819 Vulcani
475 780 627 816 ruere
667 765 721 814 et
758 761 951 814 clausis
990 777 1242 812 resonare
1281 759 1526 813 cauernis

209 837 539 892 Festinantis
580 854 726 904 opus,
785 852 895 887 non
934 837 1015 885 est
1052 836 1166 885 tam
1207 832 1422 885 sordida
1460 833 1599 885 diuis

211 910 375 980 Cura,
414 928 586 979 neque
626 911 891 960 extremas
930 907 1013 959 ius
1053 909 1135 959 est
1174 905 1453 959 demittere
1491 906 1551 958 in
1591 908 1733 958 artes

211 983 421 1038 Sidera:
463 982 721 1036 subducto
761 983 994 1050 regnant
1033 979 1284 1032 sublimia
1322 980 1470 1032 caelo

208 1058 311 1110 Illa
348 1074 519 1125 neque
559 1055 822 1107 artificum
861 1055 1052 1106 curant
1089 1056 1322 1106 tractare
1361 1053 1616 1106 laborem.
1831 1064 1888 1105 35

208 1129 493 1197 Discrepat
525 1147 557 1179 a
594 1127 767 1195 prima
805 1126 967 1178 facies
1006 1126 1134 1179 hinc
1171 1127 1346 1179 altera
1383 1129 1592 1179 uatum:

209 1203 327 1255 Illis
368 1201 631 1270 Cyclopas
670 1203 973 1251 memorant
1009 1199 1320 1252 fornacibus
1359 1212 1509 1267 uSOS,

211 1275 346 1329 Cum
384 1292 543 1342 super
581 1272 828 1325 incudem
866 1290 1154 1325 numerosa
1190 1273 1249 1325 in
1287 1273 1513 1325 uerbera
1550 1273 1718 1325 fortes

208 1348 544 1401 Horrendum
581 1363 778 1415 magno
819 1348 1106 1414 quaterent
1145 1347 1244 1398 sub
1283 1347 1518 1415 pondere
1556 1346 1762 1398 fulmen

208 1422 597 1488 Armarentque
620 1419 826 1471 Iouem:
858 1422 1013 1488 turpe
1046 1421 1100 1471 et
1132 1420 1245 1472 sine
1277 1419 1505 1489 pignore
1531 1437 1760 1473 carmen.
1836 1431 1893 1472 40

207 1495 463 1548 Proxima
499 1494 714 1545 uiuaces
754 1492 983 1545 Aetnaei
1021 1493 1241 1545 uerticis
1280 1494 1437 1563 ignes

207 1567 382 1636 Impia
420 1566 677 1619 sollicitat
713 1565 1024 1635 Phlegraeis
1062 1566 1245 1619 fabula
1284 1567 1493 1619 castris,

207 1641 559 1709 Temptauere
599 1637 796 1708 (nefas)
837 1639 968 1692 olim
1007 1639 1288 1692 detrudere
1327 1639 1526 1693 mundo

211 1713 395 1766 Sidera
434 1712 734 1781 captiuique
773 1712 918 1765 Iouis
957 1712 1253 1766 transferre
1292 1713 1544 1784 gigantes

207 1787 498 1855 Imperium
538 1788 590 1838 et
626 1786 771 1838 uicto
811 1786 957 1854 leges
996 1786 1254 1855 inponere
1295 1788 1458 1841 caelo.
1839 1797 1895 1837 45

208 1860 308 1912 His
346 1862 542 1912 natura
581 1878 676 1912 sua
716 1862 798 1911 est
837 1859 962 1913 aluo
1002 1863 1179 1913 tenus:
1220 1861 1330 1913 ima
1367 1878 1463 1929 per
1503 1860 1662 1913 orbes

326 1979 381 2018 25
416 1974 527 2028 Quis
557 1975 715 2018 tantos
746 1977 788 2016 Η
819 1989 875 2018 m.
908 1979 940 2020 2
976 1977 983 2031 1
1019 1975 1170 2032 operit
1199 1979 1242 2018 11
1268 1977 1274 2031 1
1301 1976 1435 2020 tanta
1465 1976 1676 2032 potestas
1707 1974 1894 2030 scripsi:

207 2035 342 2077 tanta.
378 2032 568 2089 perenni
606 2036 636 2075 0
683 2033 927 2089 (perhenni
963 2036 1022 2091 Η)
1072 2048 1209 2079 causa
1245 2034 1462 2091 perennis
1503 2034 1624 2078 Itali
1669 2034 1686 2090 11
1731 2037 1788 2077 26
1828 2032 1896 2076 in-

209 2106 419 2136 mensum
452 2092 764 2136 Marklandus
794 2093 873 2146 (ad
903 2093 1022 2137 Stat.
1053 2094 1157 2138 sila.
1185 2107 1234 2149 p.
1272 2096 1395 2148 141):
1428 2092 1478 2137 in
1509 2092 1706 2137 densum
1738 2095 1769 2134 0
1804 2094 1811 2146 Ι
1847 2092 1897 2136 et

209 2150 369 2195 trudat
399 2154 483 2192 cs:
518 2150 703 2194 etrudat
732 2154 774 2192 11
796 2151 812 2206 ΙΙ
834 2155 890 2194 27
923 2152 1069 2196 moles
1101 2154 1150 2196 et
1181 2157 1264 2195 cs:
1300 2151 1574 2196 mollescent
1602 2152 1763 2208 111128
1796 2164 1894 2195 car-

210 2208 345 2252 minis
375 2208 491 2252 haec
524 2210 595 2252 est
624 2221 705 2253 om.
732 2214 758 2251 s
788 2211 937 2264 spatio
968 2211 1121 2256 ‘relicto
1143 2212 1160 2268 ΙΙ
1182 2216 1238 2256 29
1271 2210 1427 2268 capiet
1449 2214 1491 2253 Η
1522 2224 1580 2255 m.
1604 2214 1630 2254 1
1660 2211 1667 2267 1
1694 2209 1895 2266 pellacia

211 2268 410 2312 Iacobus
446 2268 462 2323 ss
501 2271 556 2311 30
587 2267 765 2312 facibus
796 2271 838 2310 Η
875 2283 930 2313 m.
963 2273 989 2313 1
1029 2271 1045 2326 ΙΙ
1083 2274 1139 2314 31
1171 2269 1433 2314 Vulcanum
1472 2268 1529 2314 G.
1575 2268 1627 2312 Τ.
1660 2268 1895 2325 Sarinyar

210 2327 315 2380 (asu
344 2326 471 2370 uerbi
499 2339 631 2370 ruere
662 2327 925 2383 transitiuo)
949 2328 964 2384 ΙΙ
988 2334 1044 2373 33
1077 2330 1305 2373 extremas
1335 2329 1407 2373 ius
1439 2333 1526 2371 cs:
1562 2332 1698 2372 exYna
1720 2327 1791 2372 uis
1814 2330 1857 2370 11
1884 2326 1889 2383 Ι

209 2384 452 2429 demittere
492 2396 539 2431 ςε
595 2385 828 2430 dimittere
874 2390 905 2428 0
950 2388 966 2443 ss
1011 2392 1068 2431 34
1113 2387 1341 2432 subducto
1388 2392 1511 2435 css:
1567 2387 1758 2431 seducto
1808 2389 1851 2429 E
1880 2384 1897 2443 Η

211 2447 266 2486 35
298 2443 382 2488 Ille
414 2447 456 2485 Η
485 2456 542 2487 m.
574 2448 599 2487 1
647 2446 663 2501 ΙΙ
708 2448 764 2488 36
796 2444 905 2489 hinc
937 2447 1050 2501 (scil.
1081 2448 1201 2502 qaod
1241 2446 1499 2491 Vulcanum
1527 2459 1622 2490 non
1657 2446 1710 2490 in
1736 2449 1894 2501 partes

210 2504 393 2557 uocant)
432 2502 615 2557 scripsi:
661 2502 775 2546 haec
814 2509 844 2548 0
890 2505 1191 2559 (coniecerunt
1235 2505 1362 2550 haud
1405 2518 1490 2561 pro
1536 2505 1654 2549 haec
1711 2503 1893 2548 Werns-

212 2560 403 2614 dci-fias,
427 2573 517 2615 pro
548 2574 576 2605 a
607 2560 662 2606 G.
700 2561 751 2605 T.
784 2562 1032 2619 Surinyar)
1055 2565 1072 2620 ΙΙ
1096 2569 1150 2609 37
1183 2563 1261 2608 Illi
1291 2564 1495 2621 Scaliyer
1525 2562 1603 2607 Illi
1633 2562 1706 2607 his
1731 2562 1893 2607 Mark-

212 2617 388 2662 ἶανιάιιεΔ
409 2619 469 2662 ad
500 2618 613 2663 Stat.
646 2621 751 2663 sila.
779 2635 826 2676 p.
864 2626 916 2665 12
945 2625 951 2678 Ι
978 2637 1085 2666 usus
1116 2626 1158 2666 11
1181 2625 1196 2679 ΙΙ
1220 2628 1275 2668 38
1306 2623 1449 2667 fortes
1474 2623 1615 2667 Itali:
1647 2622 1799 2667 fontes
1824 2625 1855 2664 0
1879 2620 1895 2678 Η

213 2679 269 2719 39
300 2676 477 2720 fulmen
506 2681 548 2719 Η
578 2692 634 2721 m.
666 2681 720 2733 2,
754 2691 807 2726 ςε
845 2680 1017 2725 flumen
1049 2686 1080 2724 0
1112 2683 1128 2738 ΙΙ
1157 2687 1215 2726 40
1246 2682 1438 2726 Armare
1469 2682 1642 2737 reliquo
1672 2693 1810 2725 uersu
1839 2680 1893 2723 in

211 2735 361 2800 spatio
398 2748 546 2779 uacuo
583 2737 743 2780 omisso
774 2743 801 2780 8
850 2740 857 2794 1
907 2741 955 2784 et
991 2741 1089 2786 edd.
1131 2745 1249 2785 ant:
1289 2742 1362 2785 est
1393 2744 1424 2783 0
1471 2740 1486 2795 ΙΙ
1531 2745 1588 2784 41
1620 2740 1807 2784 uiuaces
1839 2751 1893 2782 eae

211 2806 400 2837 uiuoces
431 2806 544 2837 corr.
578 2798 606 2835 c
636 2795 652 2850 ΙΙ
682 2799 737 2838 42
771 2796 993 2843 sollicitet
1026 2803 1068 2842 Η
1095 2800 1100 2855 Ι
1127 2798 1375 2856 flegr(a)eis
1409 2802 1439 2842 0
1469 2799 1486 2855 ΙΙ
1515 2802 1572 2842 43
1604 2799 1782 2854 nephas
1813 2800 1856 2839 Η
1877 2796 1894 2854 ΙΙ

212 2855 269 2952 ἓθὸ
308 2844 420 2951 imp.
459 2855 556 2954 381
582 2854 597 2909 ΙΙ
642 2858 698 2896 46
738 2867 819 2897 sua
860 2857 950 2914 est]
992 2871 1071 2902 sue
1109 2859 1162 2902 in
1200 2872 1286 2902 sua
1322 2871 1379 2902 m.
1419 2861 1452 2902 2
1492 2870 1605 2902 corr.
1638 2860 1680 2899 Η
1733 2859 1740 2911 Ι
1789 2856 1898 2900 alna

261 2923 341 2953 nes
443 2924 498 2955 m.
