1992 3238
767 163 850 208 VE
857 163 1164 209 RGILIANA.
1744 166 1815 218 23

115 305 217 368 ’·-[=
248 318 426 369 opusc.
455 296 481 350 I
511 316 562 366 p.
586 298 658 350 40
688 299 825 366 sqq.]
868 296 1179 366 disputauit.
1241 298 1366 351 Iulii
1401 298 1587 353 Chenu
1626 299 1813 353 editio-

116 393 243 427 nem
275 372 468 442 (Paris.
504 369 670 441 1843)
713 387 826 424 non
857 370 986 424 uidi:
1044 389 1090 422 a.
1127 371 1270 424 1854
1315 373 1474 425 simul
1505 371 1814 425 Bormansii

120 449 265 501 inter
303 447 476 499 multa
513 445 803 498 temeraria
840 461 1013 512 pauca
1050 447 1199 496 recta
1246 444 1549 499 exhibentis
1595 446 1814 499 libellus

116 539 285 590 >supra
315 538 367 588 p.
395 520 464 572 10
495 519 943 572 commemoratus
975 519 1030 571 et
1060 516 1289 586 Hauptii
1320 537 1663 588 programma
1696 538 1815 573 aca-

116 594 386 647 demicum
417 592 563 660 prius
597 593 692 658 [=-—--
718 609 899 660 opusc.
930 589 987 643 Π
1016 609 1066 659 p.
1100 591 1170 643 26
1189 592 1326 659 sqq.]
1360 591 1419 643 in
1447 592 1621 645 lucem
1654 611 1815 646 uene-

119 671 264 736 runt,
295 685 341 720 a.
371 665 510 720 1859
536 663 775 718 eiusdem
799 662 1024 732 Hauptii
1047 664 1287 732 prolusio
1317 664 1489 716 altera
1514 667 1607 731 [=
1633 684 1815 735 opusc.

117 740 174 795 H
211 759 264 809 p.
307 740 411 795 162
436 740 589 807 sqq.].
650 740 766 791 tum
806 756 851 790 a.
895 738 1036 791 1862
1074 737 1302 790 Iacobus
1342 736 1561 806 Machly
1598 740 1656 791 in
1694 758 1815 808 pro-

119 815 418 883 grammate
456 810 759 865 Basileensi
806 811 951 864 dedit
990 809 1303 880 ‘Beitraege
1349 830 1442 863 zur
1485 810 1674 864 Kritik
1721 813 1814 866 des

116 886 540 956 Lehrgedichtes
571 883 784 938 Aetna’.
838 903 885 937 a.
921 884 1060 938 1867
1094 884 1162 937 Η.
1197 883 1260 937 A.
1283 883 1325 936 I.
1356 883 1548 937 Munro
1580 884 1815 938 Aetnam

119 961 288 1013 edidit
342 958 737 1026 Cantabrigiae.
811 957 944 1010 adde
1000 956 1227 1027 Hauptii
1282 958 1705 1026 disputationem
1758 960 1817 1011 in

119 1033 392 1087 Hermetis
440 1033 546 1085 uol.
584 1031 668 1084 III
709 1033 802 1098 [-—-
828 1050 1008 1100 opusc.
1047 1030 1130 1084 III
1167 1049 1219 1099 p.
1259 1032 1366 1084 437
1395 1033 1531 1101 sqq.]
1574 1049 1815 1101 quaeque

115 1125 219 1160 nos
268 1107 399 1160 olim
440 1106 607 1172 [Lect.
647 1106 761 1173 lat.,
809 1105 1030 1158 Bonnae
1081 1106 1246 1169 1870,
1291 1124 1344 1174 p.
1383 1105 1453 1158 36
1480 1124 1610 1174 sqq„
1657 1108 1710 1158 et
1756 1107 1816 1158 in

113 1180 451 1234 Fleckeiseni
498 1197 620 1232 ann.
674 1180 814 1232 1872
861 1197 910 1247 p.
951 1179 1058 1232 628
1085 1181 1221 1248 sqq.]
1275 1178 1506 1231 diximus
1516 1220 1530 1247 ,
1585 1179 1815 1249 denique

114 1252 345 1322 Hauptii
391 1253 683 1306 editionem
721 1252 964 1322 Vergilio
1011 1253 1210 1306 iterum
1256 1252 1533 1322 recognito
1576 1252 1816 1321 [Lipsiae

125 1327 287 1392 1873]
344 1327 628 1394 insertam,
682 1326 747 1378 de
802 1344 908 1394 qua
960 1326 1026 1378 cf.
1080 1325 1149 1379 H.
1200 1324 1426 1395 Sauppii
1479 1343 1706 1379 censura
1758 1327 1816 1379 in

114 1398 460 1468 '‘Goettinger
506 1398 757 1452 Gelehrte
804 1398 1107 1469 Anzeigen'
1157 1418 1203 1453 a.
1254 1400 1398 1452 1874
1443 1418 1494 1467 p.
1541 1400 1651 1453 483
1679 1418 1815 1469 sqq.:

115 1490 239 1525 ecce
295 1475 552 1542 congesta
612 1472 781 1525 habes
839 1473 1129 1541 praecipua
1190 1473 1474 1525 doctorum
1529 1473 1705 1526 studia
1758 1475 1816 1526 in

111 1546 451 1600 emendanda
488 1544 667 1598 Aetna
705 1545 899 1614 posita.

265 1619 330 1672 In
354 1618 480 1683 Uiri,
504 1619 936 1688 quandoquidem
961 1619 1177 1672 demum
1202 1619 1326 1672 inde
1352 1638 1384 1671 a
1408 1638 1457 1672 u.
1475 1619 1586 1672 454
1610 1619 1812 1672 auxilio

116 1693 243 1746 libri
289 1693 422 1746 boni
458 1690 871 1763 B(ruxellensis:
918 1692 984 1745 cf.
1019 1712 1070 1761 p.
1114 1690 1205 1763 13)
1246 1693 1586 1761 adiuuamur,
1633 1692 1815 1746 Italici

115 1765 229 1820 fere
262 1767 364 1819 soli
388 1766 597 1819 adsunt.
653 1784 715 1819 ex
740 1766 934 1835 quibus
958 1764 1452 1837 H(elmstadiensis)
1477 1767 1654 1835 primo
1678 1767 1815 1835 locO,

117 1839 313 1893 deinde
344 1840 558 1907 gemelli
588 1837 1031 1908 A(rundelianus:
1066 1840 1130 1894 cf.
1161 1860 1213 1909 p.
1249 1839 1341 1911 17)
1376 1843 1430 1893 et
1459 1838 1814 1910 R(ehdigera-

115 1930 241 1966 nus:
277 1913 341 1966 cf.
366 1932 418 1981 p.
447 1911 536 1983 17)
571 1916 699 1965 sunt
728 1913 1074 1982 respiciendi;
1105 1932 1315 1983 semper
1343 1931 1471 1967 uero
1501 1932 1622 1966 cum
1651 1915 1815 1966 inter-

115 1986 412 2054 polationis
453 1986 757 2054 suspicione
795 1986 836 2038 L
870 1984 1192 2057 (Vaticanus
1233 1987 1408 2041 Laeti:
1446 1988 1514 2040 cf.
1548 2006 1598 2056 p.
1635 1987 1727 2056 18)
1760 1991 1816 2040 et

115 2077 257 2129 quae
298 2077 419 2112 cum
450 2059 554 2112 hoc
591 2058 702 2112 fere
743 2061 995 2130 congruit
1025 2060 1381 2114 Arundeliani
1414 2079 1607 2114 manus
1643 2061 1814 2114 altera

117 2131 197 2202 (a)
215 2132 586 2186 adhibeantur.
626 2151 798 2202 neque
824 2151 857 2185 a
877 2152 964 2187 me
987 2134 1278 2203 impetrare
1301 2135 1455 2203 potui
1477 2138 1540 2187 ut
1557 2135 1634 2187 eis
1659 2134 1816 2188 adde-

118 2224 234 2260 rem
281 2209 458 2259 cartas
508 2205 851 2260 foedissimas
897 2207 1312 2261 Adalbertinam
1360 2227 1496 2262 saec.
1541 2207 1674 2261 XVI
1724 2207 1815 2278 (cf.

116 2277 363 2348 Silligius
402 2299 452 2348 p.
491 2278 622 2350 631)
663 2283 718 2333 et
754 2280 1123 2335 Basileensem
1163 2280 1214 2351 (ε
1254 2282 1397 2351 apud
1430 2281 1814 2335 Ribbeckium:

115 2352 184 2404 cf.
215 2371 378 2421 supra
404 2372 454 2422 p.
479 2353 595 2422 19);
627 2372 853 2423 quarum
884 2355 1330 2424 interpolationes
1356 2354 1435 2426 (ς)
1460 2355 1648 2424 paucis
1676 2355 1813 2408 locis

118 2425 398 2494 adscripsi.
422 2457 491 2463 —-
516 2426 782 2480 habentur
810 2428 868 2480 in
892 2426 1043 2481 Cirin
1073 2430 1370 2498 peculiares
1404 2429 1813 2483 dissertationes

119 2499 308 2552 haece:
348 2498 601 2552 Guilelmi
641 2500 848 2554 Puetzii
887 2503 1266 2556 adnotationes
1307 2503 1374 2555 ad
1403 2502 1557 2572 Virg.
1590 2500 1647 2555 C.
1691 2501 1815 2568 [Co-

115 2573 294 2625 loniae
337 2573 527 2642 1846],
574 2573 832 2627 Ludouici
871 2574 1141 2628 Schwabii
1171 2577 1229 2628 in
1268 2574 1324 2629 C.
1372 2576 1812 2629 obseruationum

116 2664 243 2715 pars
282 2645 310 2698 I
352 2645 604 2716 [Dorpati
647 2648 810 2714 1871]
820 2690 835 2717 2
883 2648 1111 2718 denique
1158 2650 1264 2702 mei
1306 2650 1475 2719 ipsius
1515 2650 1811 2719 disputatio

115 2721 174 2772 in
205 2718 537 2773 Fleckeiseni
569 2721 748 2775 annal.
777 2720 917 2775 1872
948 2741 998 2790 Ρ.
1025 2722 1316 2776 833-849
1354 2727 1408 2776 et
1443 2724 1584 2777 1873
1609 2742 1660 2793 p.
1688 2723 1811 2776 773.

265 2793 343 2846 At
387 2794 444 2846 in
490 2793 731 2863 Priapeis
775 2797 831 2847 et
875 2793 1152 2864 Cataleptis
1202 2815 1323 2850 cum
1379 2797 1614 2851 carmine
1661 2797 1811 2849 finali

116 2864 278 2935 (quae
318 2866 498 2920 omnia
535 2868 593 2920 in
633 2867 904 2922 codicibus
944 2868 1231 2924 cohaerent
1275 2875 1554 2940 tamquam
1593 2871 1812 2924 unicum
