<?xml version="1.0" encoding="UTF-8"?>
<!DOCTYPE html PUBLIC "-//W3C//DTD XHTML 1.0 Transitional//EN"
    "http://www.w3.org/TR/xhtml1/DTD/xhtml1-transitional.dtd">
<html xmlns="http://www.w3.org/1999/xhtml" xml:lang="en" lang="en">
 <head>
  <title>
</title>
<meta http-equiv="Content-Type" content="text/html;charset=utf-8" />
  <meta name='ocr-system' content='tesseract 3.04.00' />
  <meta name='ocr-capabilities' content='ocr_page ocr_carea ocr_par ocr_line ocrx_word'/>
</head>
<body>
  <div class='ocr_page' id='page_1' title='image "./poetaelatinimino02baehuoft_0194.png"; bbox 0 0 1992 3238; ppageno 0'>
   <div class='ocr_carea' id='block_1_1' title="bbox 141 205 1439 261">
    <p class='ocr_par' dir='ltr' id='par_1_1' title="bbox 141 205 1439 261">
     <span class='ocr_line' id='line_1_1' title="bbox 141 205 1439 261; baseline -0.002 -7"><span class='ocrx_word' id='word_1_1' title='bbox 141 207 249 261; x_wconf 88' lang='grc'><strong><em>190</em></strong></span> <span class='ocrx_word' id='word_1_2' title='bbox 530 205 721 251; x_wconf 89' lang='lat' dir='ltr'>INDEX</span> <span class='ocrx_word' id='word_1_3' title='bbox 751 205 1171 258; x_wconf 86' lang='lat' dir='ltr'><strong>IMITATIONVM</strong></span> <span class='ocrx_word' id='word_1_4' title='bbox 1204 208 1271 252; x_wconf 90' lang='lat' dir='ltr'><strong><em>IN</em></strong></span> <span class='ocrx_word' id='word_1_5' title='bbox 1305 206 1439 251; x_wconf 84' lang='lat' dir='ltr'><strong>CIRI.</strong></span> 
     </span>
    </p>
   </div>
   <div class='ocr_carea' id='block_1_2' title="bbox 136 337 1835 2980">
    <p class='ocr_par' dir='ltr' id='par_1_2' title="bbox 139 337 1826 395">
     <span class='ocr_line' id='line_1_2' title="bbox 139 337 1826 395; baseline -0.002 -9"><span class='ocrx_word' id='word_1_6' title='bbox 139 340 252 386; x_wconf 82' lang='lat'><strong>307:</strong></span> <span class='ocrx_word' id='word_1_7' title='bbox 285 338 397 383; x_wconf 86' lang='lat' dir='ltr'><strong><em>Aen.</em></strong></span> <span class='ocrx_word' id='word_1_8' title='bbox 434 343 511 393; x_wconf 89' lang='lat'><strong><em>11,</em></strong></span> <span class='ocrx_word' id='word_1_9' title='bbox 543 342 631 382; x_wconf 86' lang='lat'><strong><em>526</em></strong></span> <span class='ocrx_word' id='word_1_10' title='bbox 674 337 749 381; x_wconf 80' lang='lat' dir='ltr'><strong><em>‘in</em></strong></span> <span class='ocrx_word' id='word_1_11' title='bbox 789 339 988 395; x_wconf 80' lang='lat' dir='ltr'><strong>speculis</strong></span> <span class='ocrx_word' id='word_1_12' title='bbox 1027 351 1283 395; x_wconf 78' lang='lat' dir='ltr'><strong><em>summoque</em></strong></span> <span class='ocrx_word' id='word_1_13' title='bbox 1320 339 1373 382; x_wconf 78' lang='lat' dir='ltr'><strong><em>iri</em></strong></span> <span class='ocrx_word' id='word_1_14' title='bbox 1411 340 1579 383; x_wconf 84' lang='lat' dir='ltr'><strong><em>uertice</em></strong></span> <span class='ocrx_word' id='word_1_15' title='bbox 1615 340 1826 394; x_wconf 79' lang='lat' dir='ltr'><strong><em>montis’;</em></strong></span> 
     </span>
    </p>

    <p class='ocr_par' dir='ltr' id='par_1_3' title="bbox 259 396 1828 477">
     <span class='ocr_line' id='line_1_3' title="bbox 259 396 1828 454; baseline -0.001 -12"><span class='ocrx_word' id='word_1_16' title='bbox 259 397 426 442; x_wconf 79' lang='lat' dir='ltr'><strong><em>Catull.</em></strong></span> <span class='ocrx_word' id='word_1_17' title='bbox 469 402 548 453; x_wconf 85' lang='lat'><strong><em>65,</em></strong></span> <span class='ocrx_word' id='word_1_18' title='bbox 583 401 638 440; x_wconf 99' lang='grc'>10</span> <span class='ocrx_word' id='word_1_19' title='bbox 687 397 961 453; x_wconf 73' lang='lat' dir='ltr'><strong><em>‘numquam</em></strong></span> <span class='ocrx_word' id='word_1_20' title='bbox 1005 411 1084 454; x_wconf 71' lang='lat' dir='ltr'><strong><em>eqo</em></strong></span> <span class='ocrx_word' id='word_1_21' title='bbox 1130 402 1193 452; x_wconf 88' lang='lat' dir='ltr'><strong><em>te,</em></strong></span> <span class='ocrx_word' id='word_1_22' title='bbox 1238 396 1339 441; x_wconf 79' lang='lat' dir='ltr'><strong><em>uita</em></strong></span> <span class='ocrx_word' id='word_1_23' title='bbox 1383 396 1528 441; x_wconf 69' lang='lat' dir='ltr'><strong><em>frater</em></strong></span> <span class='ocrx_word' id='word_1_24' title='bbox 1566 398 1828 454; x_wconf 83' lang='lat' dir='ltr'><strong>amabilior,</strong></span> 
     </span>
     <span class='ocr_line' id='line_1_4' title="bbox 353 456 723 477; baseline -0.003 -11"><span class='ocrx_word' id='word_1_25' title='bbox 353 457 361 466; x_wconf 95' lang='lat'><strong>.</strong></span> <span class='ocrx_word' id='word_1_26' title='bbox 398 457 406 465; x_wconf 92' lang='lat'><strong>.</strong></span> <span class='ocrx_word' id='word_1_27' title='bbox 709 456 723 477; x_wconf 91' lang='lat'>‚</span> 
     </span>
    </p>

    <p class='ocr_par' dir='ltr' id='par_1_4' title="bbox 138 455 1669 572">
     <span class='ocr_line' id='line_1_5' title="bbox 138 455 1669 572; baseline -0.001 -12"><span class='ocrx_word' id='word_1_28' title='bbox 138 469 484 570; x_wconf 47' lang='lat' dir='ltr'><strong><em>3082a2pgga8n,</em></strong></span> <span class='ocrx_word' id='word_1_29' title='bbox 510 455 966 572; x_wconf 51' lang='lat' dir='ltr'><strong><em>{thheagl-gsgumqne</em></strong></span> <span class='ocrx_word' id='word_1_30' title='bbox 996 528 1133 559; x_wconf 83' lang='lat' dir='ltr'><strong><em>canes</em></strong></span> <span class='ocrx_word' id='word_1_31' title='bbox 1166 514 1442 559; x_wconf 77' lang='lat' dir='ltr'><strong><em>comitantur</em></strong></span> <span class='ocrx_word' id='word_1_32' title='bbox 1473 514 1669 558; x_wconf 88' lang='lat' dir='ltr'><strong><em>erilem’.</em></strong></span> 
     </span>
    </p>

    <p class='ocr_par' dir='ltr' id='par_1_5' title="bbox 138 573 1526 630">
     <span class='ocr_line' id='line_1_6' title="bbox 138 573 1526 630; baseline -0.001 -12"><span class='ocrx_word' id='word_1_33' title='bbox 138 573 253 618; x_wconf 77' lang='lat'><strong><em>3⁰9:</em></strong></span> <span class='ocrx_word' id='word_1_34' title='bbox 286 573 399 617; x_wconf 89' lang='lat' dir='ltr'><strong><em>Aen.</em></strong></span> <span class='ocrx_word' id='word_1_35' title='bbox 434 578 482 626; x_wconf 88' lang='grc'><strong><em>6,</em></strong></span> <span class='ocrx_word' id='word_1_36' title='bbox 516 578 600 617; x_wconf 93' lang='grc'><strong><em>722</em></strong></span> <span class='ocrx_word' id='word_1_37' title='bbox 637 573 744 618; x_wconf 76' lang='lat' dir='ltr'><strong><em>‘nec</em></strong></span> <span class='ocrx_word' id='word_1_38' title='bbox 774 578 817 618; x_wconf 85' lang='lat' dir='ltr'><strong><em>te</em></strong></span> <span class='ocrx_word' id='word_1_39' title='bbox 846 587 1142 630; x_wconf 87' lang='lat' dir='ltr'><strong><em>suspensum,</em></strong></span> <span class='ocrx_word' id='word_1_40' title='bbox 1173 574 1304 626; x_wconf 74' lang='lat' dir='ltr'><strong><em>nate,</em></strong></span> <span class='ocrx_word' id='word_1_41' title='bbox 1336 573 1526 618; x_wconf 75' lang='lat' dir='ltr'><strong><em>tenebo’.</em></strong></span> 
     </span>
    </p>

    <p class='ocr_par' dir='ltr' id='par_1_6' title="bbox 138 631 1678 688">
     <span class='ocr_line' id='line_1_7' title="bbox 138 631 1678 688; baseline 0 -11"><span class='ocrx_word' id='word_1_42' title='bbox 138 632 254 677; x_wconf 80' lang='lat'><strong>315:</strong></span> <span class='ocrx_word' id='word_1_43' title='bbox 287 634 400 677; x_wconf 87' lang='lat' dir='ltr'><strong><em>Aen.</em></strong></span> <span class='ocrx_word' id='word_1_44' title='bbox 437 636 512 687; x_wconf 91' lang='lat'><strong><em>12,</em></strong></span> <span class='ocrx_word' id='word_1_45' title='bbox 546 635 631 676; x_wconf 89' lang='grc'>801</span> <span class='ocrx_word' id='word_1_46' title='bbox 668 632 831 676; x_wconf 83' lang='lat' dir='ltr'><strong><em>‘curae</em></strong></span> <span class='ocrx_word' id='word_1_47' title='bbox 862 645 994 688; x_wconf 77' lang='lat' dir='ltr'><strong><em>saepe</em></strong></span> <span class='ocrx_word' id='word_1_48' title='bbox 1023 636 1102 675; x_wconf 87' lang='lat' dir='ltr'><strong><em>tuo</em></strong></span> <span class='ocrx_word' id='word_1_49' title='bbox 1133 632 1260 676; x_wconf 81' lang='lat' dir='ltr'><strong><em>dulci</em></strong></span> <span class='ocrx_word' id='word_1_50' title='bbox 1287 631 1444 676; x_wconf 71' lang='lat' dir='ltr'><strong><em>tristes</em></strong></span> <span class='ocrx_word' id='word_1_51' title='bbox 1476 645 1531 675; x_wconf 87' lang='lat' dir='ltr'><strong><em>ex</em></strong></span> <span class='ocrx_word' id='word_1_52' title='bbox 1564 631 1678 677; x_wconf 88' lang='lat' dir='ltr'><strong><em>ore’.</em></strong></span> 
     </span>
    </p>

    <p class='ocr_par' dir='ltr' id='par_1_7' title="bbox 138 689 1829 805">
     <span class='ocr_line' id='line_1_8' title="bbox 138 689 1829 746; baseline 0 -11"><span class='ocrx_word' id='word_1_53' title='bbox 138 690 254 735; x_wconf 90' lang='lat'><strong>318:</strong></span> <span class='ocrx_word' id='word_1_54' title='bbox 286 691 400 736; x_wconf 85' lang='lat' dir='ltr'><strong><em>Aen.</em></strong></span> <span class='ocrx_word' id='word_1_55' title='bbox 425 694 475 746; x_wconf 86' lang='lat'><strong><em>4,</em></strong></span> <span class='ocrx_word' id='word_1_56' title='bbox 500 696 587 736; x_wconf 88' lang='grc'><strong><em>368</em></strong></span> <span class='ocrx_word' id='word_1_57' title='bbox 623 691 759 735; x_wconf 77' lang='lat' dir='ltr'><strong><em>‘nam</em></strong></span> <span class='ocrx_word' id='word_1_58' title='bbox 793 691 906 746; x_wconf 82' lang='lat' dir='ltr'><strong><em>quid.</em></strong></span> <span class='ocrx_word' id='word_1_59' title='bbox 938 689 1181 734; x_wconf 76' lang='lat' dir='ltr'><strong><em>dissimulo</em></strong></span> <span class='ocrx_word' id='word_1_60' title='bbox 1205 694 1288 734; x_wconf 88' lang='lat' dir='ltr'><strong><em>aut</em></strong></span> <span class='ocrx_word' id='word_1_61' title='bbox 1317 704 1432 746; x_wconf 77' lang='lat' dir='ltr'><strong><em>quae</em></strong></span> <span class='ocrx_word' id='word_1_62' title='bbox 1461 704 1529 734; x_wconf 84' lang='lat' dir='ltr'><strong><em>me</em></strong></span> <span class='ocrx_word' id='word_1_63' title='bbox 1560 691 1620 734; x_wconf 85' lang='lat' dir='ltr'><strong><em>ad</em></strong></span> <span class='ocrx_word' id='word_1_64' title='bbox 1650 691 1829 735; x_wconf 86' lang='lat' dir='ltr'><strong><em>maiora.</em></strong></span> 
     </span>
     <span class='ocr_line' id='line_1_9' title="bbox 256 748 1359 805; baseline -0.001 -11"><span class='ocrx_word' id='word_1_65' title='bbox 256 749 480 804; x_wconf 81' lang='lat' dir='ltr'><strong><em>reseruo&#39;3</em></strong></span> <span class='ocrx_word' id='word_1_66' title='bbox 512 751 625 795; x_wconf 88' lang='lat' dir='ltr'><strong><em>Aen.</em></strong></span> <span class='ocrx_word' id='word_1_67' title='bbox 659 755 706 805; x_wconf 90' lang='grc'><strong><em>8,</em></strong></span> <span class='ocrx_word' id='word_1_68' title='bbox 740 754 824 794; x_wconf 89' lang='grc'><strong><em>575</em></strong></span> <span class='ocrx_word' id='word_1_69' title='bbox 861 748 929 792; x_wconf 76' lang='lat' dir='ltr'><strong><em>‘si</em></strong></span> <span class='ocrx_word' id='word_1_70' title='bbox 958 749 1061 803; x_wconf 80' lang='lat' dir='ltr'><strong><em>fata</em></strong></span> <span class='ocrx_word' id='word_1_71' title='bbox 1090 749 1359 793; x_wconf 72' lang='lat' dir='ltr'><strong><em>reseruant&#39;.</em></strong></span> 
     </span>
    </p>

    <p class='ocr_par' dir='ltr' id='par_1_8' title="bbox 139 806 1655 864">
     <span class='ocr_line' id='line_1_10' title="bbox 139 806 1655 864; baseline 0.002 -13"><span class='ocrx_word' id='word_1_72' title='bbox 139 807 255 852; x_wconf 82' lang='lat'><strong>323:</strong></span> <span class='ocrx_word' id='word_1_73' title='bbox 289 808 456 852; x_wconf 74' lang='lat' dir='ltr'><strong><em>Catull.</em></strong></span> <span class='ocrx_word' id='word_1_74' title='bbox 492 813 569 864; x_wconf 90' lang='lat'><strong><em>64,</em></strong></span> <span class='ocrx_word' id='word_1_75' title='bbox 603 813 686 853; x_wconf 85' lang='lat'><strong><em>397</em></strong></span> <span class='ocrx_word' id='word_1_76' title='bbox 723 807 889 852; x_wconf 79' lang='lat' dir='ltr'><strong><em>‘tellus</em></strong></span> <span class='ocrx_word' id='word_1_77' title='bbox 919 808 1077 851; x_wconf 83' lang='lat' dir='ltr'><strong><em>scelere</em></strong></span> <span class='ocrx_word' id='word_1_78' title='bbox 1108 809 1180 851; x_wconf 71' lang='lat' dir='ltr'><strong><em>est</em></strong></span> <span class='ocrx_word' id='word_1_79' title='bbox 1209 806 1390 851; x_wconf 66' lang='lat' dir='ltr'><strong><em>imbuta</em></strong></span> <span class='ocrx_word' id='word_1_80' title='bbox 1418 808 1655 862; x_wconf 76' lang='lat' dir='ltr'><strong><em>nefando’.</em></strong></span> 
     </span>
    </p>

    <p class='ocr_par' dir='ltr' id='par_1_9' title="bbox 140 865 1286 923">
     <span class='ocr_line' id='line_1_11' title="bbox 140 865 1286 923; baseline 0 -13"><span class='ocrx_word' id='word_1_81' title='bbox 140 865 256 911; x_wconf 82' lang='lat'><strong>328:</strong></span> <span class='ocrx_word' id='word_1_82' title='bbox 293 866 393 911; x_wconf 75' lang='lat' dir='ltr'><strong><em>Cat.</em></strong></span> <span class='ocrx_word' id='word_1_83' title='bbox 428 871 505 923; x_wconf 90' lang='grc'><strong><em>76,</em></strong></span> <span class='ocrx_word' id='word_1_84' title='bbox 537 871 596 911; x_wconf 93' lang='grc'>24</span> <span class='ocrx_word' id='word_1_85' title='bbox 630 867 738 911; x_wconf 65' lang='lat' dir='ltr'><strong><em>‘aut</em></strong></span> <span class='ocrx_word' id='word_1_86' title='bbox 767 867 887 922; x_wconf 79' lang='lat' dir='ltr'><strong><em>quod</em></strong></span> <span class='ocrx_word' id='word_1_87' title='bbox 916 878 1012 910; x_wconf 76' lang='lat' dir='ltr'><strong><em>nori</em></strong></span> <span class='ocrx_word' id='word_1_88' title='bbox 1034 867 1159 921; x_wconf 76' lang='lat' dir='ltr'><strong><em>potis</em></strong></span> <span class='ocrx_word' id='word_1_89' title='bbox 1189 866 1286 910; x_wconf 84' lang='lat' dir='ltr'><strong><em>est&#39;.</em></strong></span> 
     </span>
    </p>

    <p class='ocr_par' dir='ltr' id='par_1_10' title="bbox 140 924 1767 982">
     <span class='ocr_line' id='line_1_12' title="bbox 140 924 1767 982; baseline 0.001 -13"><span class='ocrx_word' id='word_1_90' title='bbox 140 924 261 970; x_wconf 84' lang='lat'><strong>330:</strong></span> <span class='ocrx_word' id='word_1_91' title='bbox 293 926 407 970; x_wconf 91' lang='lat' dir='ltr'><strong><em>Aen.</em></strong></span> <span class='ocrx_word' id='word_1_92' title='bbox 442 931 521 982; x_wconf 95' lang='lat'><strong><em>12,</em></strong></span> <span class='ocrx_word' id='word_1_93' title='bbox 546 931 602 969; x_wconf 88' lang='lat'><strong><em>39</em></strong></span> <span class='ocrx_word' id='word_1_94' title='bbox 638 925 745 969; x_wconf 82' lang='lat' dir='ltr'><strong><em>‘eur</em></strong></span> <span class='ocrx_word' id='word_1_95' title='bbox 774 938 867 968; x_wconf 91' lang='lat' dir='ltr'><strong><em>non</em></strong></span> <span class='ocrx_word' id='word_1_96' title='bbox 898 925 1118 969; x_wconf 75' lang='lat' dir='ltr'><strong><em>ineolumi</em></strong></span> <span class='ocrx_word' id='word_1_97' title='bbox 1139 925 1301 981; x_wconf 73' lang='lat' dir='ltr'><strong><em>potius</em></strong></span> <span class='ocrx_word' id='word_1_98' title='bbox 1331 925 1588 968; x_wconf 73' lang='lat' dir='ltr'><strong><em>certamina</em></strong></span> <span class='ocrx_word' id='word_1_99' title='bbox 1616 926 1767 971; x_wconf 75' lang='lat' dir='ltr'><strong><em>tollo’.</em></strong></span> 
     </span>
    </p>

    <p class='ocr_par' dir='ltr' id='par_1_11' title="bbox 139 982 1829 1088">
     <span class='ocr_line' id='line_1_13' title="bbox 139 982 1829 1040; baseline 0.001 -13"><span class='ocrx_word' id='word_1_100' title='bbox 139 982 256 1028; x_wconf 80' lang='lat'><strong>341:</strong></span> <span class='ocrx_word' id='word_1_101' title='bbox 288 983 401 1028; x_wconf 88' lang='lat' dir='ltr'><strong><em>Aen.</em></strong></span> <span class='ocrx_word' id='word_1_102' title='bbox 437 989 485 1039; x_wconf 94' lang='lat'><strong><em>1,</em></strong></span> <span class='ocrx_word' id='word_1_103' title='bbox 518 989 603 1028; x_wconf 87' lang='lat'><strong><em>352</em></strong></span> <span class='ocrx_word' id='word_1_104' title='bbox 644 986 692 1028; x_wconf 72' lang='lat' dir='ltr'><strong><em>ei:</em></strong></span> <span class='ocrx_word' id='word_1_105' title='bbox 729 997 914 1039; x_wconf 64' lang='lat' dir='ltr'><strong><em>aegram</em></strong></span> <span class='ocrx_word' id='word_1_106' title='bbox 950 983 1101 1027; x_wconf 68' lang='lat' dir='ltr'><strong><em>muliza</em></strong></span> <span class='ocrx_word' id='word_1_107' title='bbox 1138 983 1290 1027; x_wconf 80' lang='lat' dir='ltr'><strong><em>malus</em></strong></span> <span class='ocrx_word' id='word_1_108' title='bbox 1332 982 1554 1027; x_wconf 84' lang='lat' dir='ltr'><strong>simulans</strong></span> <span class='ocrx_word' id='word_1_109' title='bbox 1593 997 1715 1028; x_wconf 87' lang='lat' dir='ltr'><strong><em>uana</em></strong></span> <span class='ocrx_word' id='word_1_110' title='bbox 1751 997 1829 1040; x_wconf 79' lang='lat' dir='ltr'><strong><em>spe</em></strong></span> 
     </span>
     <span class='ocr_line' id='line_1_14' title="bbox 255 1043 665 1088; baseline 0.002 -1"><span class='ocrx_word' id='word_1_111' title='bbox 255 1043 365 1087; x_wconf 83' lang='lat' dir='ltr'><strong><em>lusit</em></strong></span> <span class='ocrx_word' id='word_1_112' title='bbox 395 1043 665 1088; x_wconf 81' lang='lat' dir='ltr'><strong><em>amantem&#39;.</em></strong></span> 
     </span>
    </p>

    <p class='ocr_par' dir='ltr' id='par_1_12' title="bbox 137 1100 1714 1158">
     <span class='ocr_line' id='line_1_15' title="bbox 137 1100 1714 1158; baseline -0.001 -13"><span class='ocrx_word' id='word_1_113' title='bbox 137 1100 253 1145; x_wconf 81' lang='lat'><strong>343:</strong></span> <span class='ocrx_word' id='word_1_114' title='bbox 285 1102 400 1146; x_wconf 91' lang='lat' dir='ltr'><strong><em>Aen.</em></strong></span> <span class='ocrx_word' id='word_1_115' title='bbox 433 1105 484 1158; x_wconf 87' lang='lat'><strong><em>4,</em></strong></span> <span class='ocrx_word' id='word_1_116' title='bbox 515 1106 541 1145; x_wconf 86' lang='lat'>5</span> <span class='ocrx_word' id='word_1_117' title='bbox 578 1101 690 1146; x_wconf 83' lang='lat' dir='ltr'><strong><em>‘nec</em></strong></span> <span class='ocrx_word' id='word_1_118' title='bbox 713 1102 952 1157; x_wconf 76' lang='lat' dir='ltr'><em>placidam</em></span> <span class='ocrx_word' id='word_1_119' title='bbox 981 1101 1190 1146; x_wconf 82' lang='lat' dir='ltr'><strong><em>membris</em></strong></span> <span class='ocrx_word' id='word_1_120' title='bbox 1221 1101 1304 1145; x_wconf 74' lang='lat' dir='ltr'><strong><em>dat</em></strong></span> <span class='ocrx_word' id='word_1_121' title='bbox 1334 1114 1444 1145; x_wconf 86' lang='lat' dir='ltr'><strong><em>cura</em></strong></span> <span class='ocrx_word' id='word_1_122' title='bbox 1475 1100 1714 1156; x_wconf 80' lang='lat' dir='ltr'><strong><em>quietem’.</em></strong></span> 
     </span>
    </p>

    <p class='ocr_par' dir='ltr' id='par_1_13' title="bbox 137 1158 1835 1217">
     <span class='ocr_line' id='line_1_16' title="bbox 137 1158 1835 1217; baseline 0 -13"><span class='ocrx_word' id='word_1_123' title='bbox 137 1158 252 1204; x_wconf 82' lang='lat'><strong>348:</strong></span> <span class='ocrx_word' id='word_1_124' title='bbox 285 1159 454 1203; x_wconf 78' lang='lat' dir='ltr'><strong><em>Catull.</em></strong></span> <span class='ocrx_word' id='word_1_125' title='bbox 489 1164 566 1215; x_wconf 93' lang='lat'><strong><em>64,</em></strong></span> <span class='ocrx_word' id='word_1_126' title='bbox 601 1165 682 1204; x_wconf 87' lang='grc'><strong><em>131</em></strong></span> <span class='ocrx_word' id='word_1_127' title='bbox 721 1160 993 1217; x_wconf 60' lang='lat' dir='ltr'><strong><em>‘frigidulos</em></strong></span> <span class='ocrx_word' id='word_1_128' title='bbox 1023 1159 1114 1204; x_wconf 89' lang='lat' dir='ltr'><strong><em>udo</em></strong></span> <span class='ocrx_word' id='word_1_129' title='bbox 1147 1159 1377 1217; x_wconf 81' lang='lat' dir='ltr'><strong><em>singultus</em></strong></span> <span class='ocrx_word' id='word_1_130' title='bbox 1409 1160 1522 1204; x_wconf 86' lang='lat' dir='ltr'><strong><em>ore’.</em></strong></span> <span class='ocrx_word' id='word_1_131' title='bbox 1821 1185 1835 1198; x_wconf 86' lang='lat'>-</span> 
     </span>
    </p>

    <p class='ocr_par' dir='ltr' id='par_1_14' title="bbox 137 1217 1827 1321">
     <span class='ocr_line' id='line_1_17' title="bbox 137 1217 1827 1320; baseline 0.001 -59"><span class='ocrx_word' id='word_1_132' title='bbox 137 1217 275 1320; x_wconf 65' lang='grc' dir='ltr'>349εῂ</span> <span class='ocrx_word' id='word_1_133' title='bbox 285 1219 479 1320; x_wconf 41' lang='lat' dir='ltr'><strong>ffenff’</strong></span> <span class='ocrx_word' id='word_1_134' title='bbox 513 1224 570 1263; x_wconf 87' lang='lat'><strong><em>64</em></strong></span> <span class='ocrx_word' id='word_1_135' title='bbox 611 1219 678 1262; x_wconf 75' lang='lat' dir='ltr'><strong><em>‘si</em></strong></span> <span class='ocrx_word' id='word_1_136' title='bbox 717 1232 839 1262; x_wconf 92' lang='lat' dir='ltr'><strong><em>nona</em></strong></span> <span class='ocrx_word' id='word_1_137' title='bbox 877 1219 995 1263; x_wconf 83' lang='lat' dir='ltr'><strong><em>diem</em></strong></span> <span class='ocrx_word' id='word_1_138' title='bbox 1032 1219 1302 1263; x_wconf 78' lang='lat' dir='ltr'><strong><em>mortalibus</em></strong></span> <span class='ocrx_word' id='word_1_139' title='bbox 1341 1220 1510 1263; x_wconf 85' lang='lat' dir='ltr'><strong><em>almum</em></strong></span> <span class='ocrx_word' id='word_1_140' title='bbox 1540 1217 1722 1263; x_wconf 87' lang='lat' dir='ltr'><strong><em>Aurora</em></strong></span> <span class='ocrx_word' id='word_1_141' title='bbox 1754 1233 1827 1264; x_wconf 87' lang='lat' dir='ltr'><strong><em>ex-</em></strong></span> 
     </span>
     <span class='ocr_line' id='line_1_18' title="bbox 276 1290 450 1321; baseline -0.006 -1"><span class='ocrx_word' id='word_1_142' title='bbox 276 1291 306 1320; x_wconf 88' lang='lat' dir='ltr'>u</span> <span class='ocrx_word' id='word_1_143' title='bbox 328 1290 395 1321; x_wconf 86' lang='lat' dir='ltr'><strong><em>en</em></strong></span> <span class='ocrx_word' id='word_1_144' title='bbox 441 1310 450 1319; x_wconf 92' lang='lat'>.</span> 
     </span>
    </p>

    <p class='ocr_par' dir='ltr' id='par_1_15' title="bbox 137 1334 1828 1512">
     <span class='ocr_line' id='line_1_19' title="bbox 137 1334 1824 1392; baseline 0.001 -14"><span class='ocrx_word' id='word_1_145' title='bbox 137 1334 253 1381; x_wconf 79' lang='lat'><strong>350:</strong></span> <span class='ocrx_word' id='word_1_146' title='bbox 286 1334 456 1381; x_wconf 79' lang='lat' dir='ltr'><strong><em>Catull.</em></strong></span> <span class='ocrx_word' id='word_1_147' title='bbox 490 1340 568 1392; x_wconf 86' lang='lat'><strong><em>62,</em></strong></span> <span class='ocrx_word' id='word_1_148' title='bbox 604 1341 627 1380; x_wconf 97' lang='grc'><strong>7</strong></span> <span class='ocrx_word' id='word_1_149' title='bbox 671 1334 917 1380; x_wconf 80' lang='lat' dir='ltr'><strong><em>‘nimirum</em></strong></span> <span class='ocrx_word' id='word_1_150' title='bbox 960 1335 1144 1380; x_wconf 81' lang='lat' dir='ltr'><strong><em>Oetaeos</em></strong></span> <span class='ocrx_word' id='word_1_151' title='bbox 1184 1336 1390 1381; x_wconf 71' lang='lat' dir='ltr'><strong><em>ostendit</em></strong></span> <span class='ocrx_word' id='word_1_152' title='bbox 1426 1336 1637 1381; x_wconf 78' lang='lat' dir='ltr'><strong><em>Noctifer</em></strong></span> <span class='ocrx_word' id='word_1_153' title='bbox 1673 1337 1824 1392; x_wconf 73' lang='lat' dir='ltr'><strong><em>iynes’</em></strong></span> 
     </span>
     <span class='ocr_line' id='line_1_20' title="bbox 257 1394 1828 1452; baseline 0.001 -15"><span class='ocrx_word' id='word_1_154' title='bbox 257 1394 331 1450; x_wconf 83' lang='lat' dir='ltr'><strong><em>(ef.</em></strong></span> <span class='ocrx_word' id='word_1_155' title='bbox 363 1394 476 1438; x_wconf 87' lang='lat' dir='ltr'><strong><em>ibid.</em></strong></span> <span class='ocrx_word' id='word_1_156' title='bbox 509 1398 607 1451; x_wconf 87' lang='lat'><strong>20);</strong></span> <span class='ocrx_word' id='word_1_157' title='bbox 646 1394 850 1439; x_wconf 88' lang='lat' dir='ltr'><strong><em>Licinius</em></strong></span> <span class='ocrx_word' id='word_1_158' title='bbox 881 1394 1051 1439; x_wconf 84' lang='lat' dir='ltr'><strong><em>Caluus</em></strong></span> <span class='ocrx_word' id='word_1_159' title='bbox 1083 1395 1248 1452; x_wconf 87' lang='lat' dir='ltr'><strong><em>fragm.</em></strong></span> <span class='ocrx_word' id='word_1_160' title='bbox 1282 1399 1308 1439; x_wconf 90' lang='grc'>5</span> <span class='ocrx_word' id='word_1_161' title='bbox 1341 1394 1392 1439; x_wconf 90' lang='lat' dir='ltr'><strong><em>L.</em></strong></span> <span class='ocrx_word' id='word_1_162' title='bbox 1425 1395 1487 1439; x_wconf 91' lang='lat' dir='ltr'><strong><em>M.</em></strong></span> <span class='ocrx_word' id='word_1_163' title='bbox 1524 1395 1828 1452; x_wconf 79' lang='lat' dir='ltr'><strong><em>‘Hesperium</em></strong></span> 
     </span>
     <span class='ocr_line' id='line_1_21' title="bbox 260 1452 1542 1512; baseline 0.002 -16"><span class='ocrx_word' id='word_1_164' title='bbox 260 1452 371 1498; x_wconf 87' lang='lat' dir='ltr'><strong><em>Oeta</em></strong></span> <span class='ocrx_word' id='word_1_165' title='bbox 403 1453 490 1512; x_wconf 77' lang='lat' dir='ltr'><strong><em>[ita</em></strong></span> <span class='ocrx_word' id='word_1_166' title='bbox 520 1453 704 1512; x_wconf 82' lang='lat' dir='ltr'><strong><em>scripsi:</em></strong></span> <span class='ocrx_word' id='word_1_167' title='bbox 741 1454 901 1498; x_wconf 74' lang='lat' dir='ltr'><strong><em>‘ante&#39;</em></strong></span> <span class='ocrx_word' id='word_1_168' title='bbox 936 1454 1099 1512; x_wconf 88' lang='lat' dir='ltr'>uulgo]</span> <span class='ocrx_word' id='word_1_169' title='bbox 1134 1453 1271 1498; x_wconf 88' lang='lat' dir='ltr'><strong><em>iubar</em></strong></span> <span class='ocrx_word' id='word_1_170' title='bbox 1301 1455 1542 1510; x_wconf 77' lang='lat' dir='ltr'><strong><em>quatiens’.</em></strong></span> 
     </span>
    </p>

    <p class='ocr_par' dir='ltr' id='par_1_16' title="bbox 139 1510 1826 1627">
     <span class='ocr_line' id='line_1_22' title="bbox 139 1510 1826 1569; baseline 0 -14"><span class='ocrx_word' id='word_1_171' title='bbox 139 1510 254 1556; x_wconf 80' lang='lat'><strong>351:</strong></span> <span class='ocrx_word' id='word_1_172' title='bbox 287 1511 343 1556; x_wconf 89' lang='lat' dir='ltr'><strong><em>de</em></strong></span> <span class='ocrx_word' id='word_1_173' title='bbox 382 1511 597 1557; x_wconf 80' lang='lat' dir='ltr'><strong><em>Lucifero</em></strong></span> <span class='ocrx_word' id='word_1_174' title='bbox 638 1512 894 1569; x_wconf 88' lang='lat' dir='ltr'><strong><em>eodemque</em></strong></span> <span class='ocrx_word' id='word_1_175' title='bbox 935 1512 1141 1569; x_wconf 87' lang='lat' dir='ltr'><strong><em>Vespero</em></strong></span> <span class='ocrx_word' id='word_1_176' title='bbox 1181 1513 1239 1558; x_wconf 83' lang='lat' dir='ltr'><strong><em>of.</em></strong></span> <span class='ocrx_word' id='word_1_177' title='bbox 1278 1511 1550 1558; x_wconf 75' lang='lat' dir='ltr'><strong><em>callimach.</em></strong></span> <span class='ocrx_word' id='word_1_178' title='bbox 1581 1512 1741 1557; x_wconf 86' lang='lat' dir='ltr'><strong><em>Hecal.</em></strong></span> <span class='ocrx_word' id='word_1_179' title='bbox 1771 1512 1826 1556; x_wconf 86' lang='lat' dir='ltr'><strong><em>fr.</em></strong></span> 
     </span>
     <span class='ocr_line' id='line_1_23' title="bbox 259 1570 1220 1627; baseline 0.002 -13"><span class='ocrx_word' id='word_1_180' title='bbox 259 1574 336 1625; x_wconf 82' lang='lat'><strong><em>523</em></strong></span> <span class='ocrx_word' id='word_1_181' title='bbox 369 1570 536 1615; x_wconf 62' lang='lat' dir='ltr'><strong><em>Cassun.</em></strong></span> <span class='ocrx_word' id='word_1_182' title='bbox 572 1576 649 1626; x_wconf 90' lang='grc'><strong><em>62,</em></strong></span> <span class='ocrx_word' id='word_1_183' title='bbox 683 1576 761 1627; x_wconf 80' lang='lat'><strong><em>353</em></strong></span> <span class='ocrx_word' id='word_1_184' title='bbox 795 1570 942 1616; x_wconf 81' lang='lat' dir='ltr'><strong><em>Cinna</em></strong></span> <span class='ocrx_word' id='word_1_185' title='bbox 971 1571 1027 1617; x_wconf 91' lang='lat' dir='ltr'><strong><em>fr.</em></strong></span> <span class='ocrx_word' id='word_1_186' title='bbox 1060 1576 1087 1616; x_wconf 89' lang='lat'>8</span> <span class='ocrx_word' id='word_1_187' title='bbox 1120 1570 1220 1616; x_wconf 86' lang='lat' dir='ltr'><strong><em>LM.</em></strong></span> 
     </span>
    </p>

    <p class='ocr_par' dir='ltr' id='par_1_17' title="bbox 138 1627 1248 1684">
     <span class='ocr_line' id='line_1_24' title="bbox 138 1627 1248 1684; baseline 0.002 -12"><span class='ocrx_word' id='word_1_188' title='bbox 138 1627 253 1673; x_wconf 74' lang='lat'><strong><em>3592</em></strong></span> <span class='ocrx_word' id='word_1_189' title='bbox 285 1628 400 1674; x_wconf 89' lang='lat' dir='ltr'><strong><em>Aen.</em></strong></span> <span class='ocrx_word' id='word_1_190' title='bbox 437 1635 514 1684; x_wconf 91' lang='lat'><strong><em>10,</em></strong></span> <span class='ocrx_word' id='word_1_191' title='bbox 549 1635 633 1674; x_wconf 88' lang='lat'><strong><em>146</em></strong></span> <span class='ocrx_word' id='word_1_192' title='bbox 669 1629 799 1674; x_wconf 83' lang='lat' dir='ltr'><strong><em>‘duri</em></strong></span> <span class='ocrx_word' id='word_1_193' title='bbox 829 1631 1079 1675; x_wconf 78' lang='lat' dir='ltr'><strong><em>certamina</em></strong></span> <span class='ocrx_word' id='word_1_194' title='bbox 1109 1630 1248 1674; x_wconf 81' lang='lat' dir='ltr'><strong><em>belli’.</em></strong></span> 
     </span>
    </p>

    <p class='ocr_par' dir='ltr' id='par_1_18' title="bbox 137 1687 1827 1803">
     <span class='ocr_line' id='line_1_25' title="bbox 137 1687 1827 1745; baseline 0.001 -13"><span class='ocrx_word' id='word_1_195' title='bbox 137 1687 253 1732; x_wconf 77' lang='lat'><strong>360:</strong></span> <span class='ocrx_word' id='word_1_196' title='bbox 286 1687 454 1733; x_wconf 74' lang='lat' dir='ltr'><strong><em>Catull.</em></strong></span> <span class='ocrx_word' id='word_1_197' title='bbox 481 1693 562 1744; x_wconf 89' lang='lat'><strong><em>64,</em></strong></span> <span class='ocrx_word' id='word_1_198' title='bbox 588 1693 673 1733; x_wconf 85' lang='lat'><strong><em>379</em></strong></span> <span class='ocrx_word' id='word_1_199' title='bbox 710 1689 873 1733; x_wconf 82' lang='lat' dir='ltr'><strong><em>‘anxia</em></strong></span> <span class='ocrx_word' id='word_1_200' title='bbox 903 1702 989 1733; x_wconf 85' lang='lat' dir='ltr'><strong><em>nee</em></strong></span> <span class='ocrx_word' id='word_1_201' title='bbox 1012 1690 1162 1732; x_wconf 80' lang='lat' dir='ltr'><strong><em>mater</em></strong></span> <span class='ocrx_word' id='word_1_202' title='bbox 1192 1688 1417 1733; x_wconf 85' lang='lat' dir='ltr'><strong><em>discordis</em></strong></span> <span class='ocrx_word' id='word_1_203' title='bbox 1441 1692 1612 1733; x_wconf 87' lang='lat' dir='ltr'><strong><em>maesta</em></strong></span> <span class='ocrx_word' id='word_1_204' title='bbox 1641 1688 1827 1745; x_wconf 84' lang='lat' dir='ltr'><strong><em>puellae</em></strong></span> 
     </span>
     <span class='ocr_line' id='line_1_26' title="bbox 258 1745 1273 1803; baseline 0.004 -14"><span class='ocrx_word' id='word_1_205' title='bbox 258 1745 479 1791; x_wconf 83' lang='lat' dir='ltr'><strong><em>Secubitu</em></strong></span> <span class='ocrx_word' id='word_1_206' title='bbox 511 1761 640 1792; x_wconf 83' lang='lat' dir='ltr'><strong><em>caros</em></strong></span> <span class='ocrx_word' id='word_1_207' title='bbox 669 1748 813 1792; x_wconf 81' lang='lat' dir='ltr'><strong><em>mittet</em></strong></span> <span class='ocrx_word' id='word_1_208' title='bbox 844 1761 1030 1803; x_wconf 85' lang='lat' dir='ltr'><strong><em>sperare</em></strong></span> <span class='ocrx_word' id='word_1_209' title='bbox 1059 1748 1273 1803; x_wconf 75' lang='lat' dir='ltr'><strong><em>nepotes&#39;.</em></strong></span> 
     </span>
    </p>

    <p class='ocr_par' dir='ltr' id='par_1_19' title="bbox 137 1803 1176 1862">
     <span class='ocr_line' id='line_1_27' title="bbox 137 1803 1176 1862; baseline 0.002 -14"><span class='ocrx_word' id='word_1_210' title='bbox 137 1803 253 1849; x_wconf 82' lang='lat'><strong>363:</strong></span> <span class='ocrx_word' id='word_1_211' title='bbox 286 1805 467 1850; x_wconf 73' lang='lat' dir='ltr'><strong><em>Lucret.</em></strong></span> <span class='ocrx_word' id='word_1_212' title='bbox 502 1811 549 1862; x_wconf 89' lang='lat'><strong><em>6,</em></strong></span> <span class='ocrx_word' id='word_1_213' title='bbox 583 1811 638 1850; x_wconf 84' lang='lat'><strong><em>52</em></strong></span> <span class='ocrx_word' id='word_1_214' title='bbox 675 1806 688 1827; x_wconf 80' lang='lat'><em>‘</em></span> <span class='ocrx_word' id='word_1_215' title='bbox 704 1807 951 1860; x_wconf 76' lang='lat' dir='ltr'><strong><em>formidine</em></strong></span> <span class='ocrx_word' id='word_1_216' title='bbox 980 1806 1176 1850; x_wconf 83' lang='lat' dir='ltr'><strong><em>diuum&#39;.</em></strong></span> 
     </span>
    </p>

    <p class='ocr_par' dir='ltr' id='par_1_20' title="bbox 137 1862 1828 1977">
     <span class='ocr_line' id='line_1_28' title="bbox 137 1862 1828 1977; baseline 0.002 -71"><span class='ocrx_word' id='word_1_217' title='bbox 137 1862 455 1977; x_wconf 53' lang='lat' dir='ltr'><strong><em>3662f0at3111.</em></strong></span> <span class='ocrx_word' id='word_1_218' title='bbox 490 1870 568 1922; x_wconf 89' lang='lat'><strong><em>64,</em></strong></span> <span class='ocrx_word' id='word_1_219' title='bbox 600 1869 685 1909; x_wconf 91' lang='lat'><strong><em>369</em></strong></span> <span class='ocrx_word' id='word_1_220' title='bbox 729 1865 874 1920; x_wconf 80' lang='lat' dir='ltr'><strong><em>‘quae</em></strong></span> <span class='ocrx_word' id='word_1_221' title='bbox 908 1865 1040 1909; x_wconf 73' lang='lat' dir='ltr'><strong><em>uelut</em></strong></span> <span class='ocrx_word' id='word_1_222' title='bbox 1075 1864 1270 1922; x_wconf 76' lang='lat' dir='ltr'><strong><em>ancipiti</em></strong></span> <span class='ocrx_word' id='word_1_223' title='bbox 1302 1865 1605 1910; x_wconf 81' lang='lat' dir='ltr'>succumbens</span> <span class='ocrx_word' id='word_1_224' title='bbox 1638 1866 1828 1910; x_wconf 79' lang='lat' dir='ltr'><strong><em>uictima</em></strong></span> 
     </span>
     <span class='ocr_line' id='line_1_29' title="bbox 277 1936 411 1967; baseline 0.007 -1"><span class='ocrx_word' id='word_1_225' title='bbox 277 1936 376 1967; x_wconf 87' lang='lat' dir='ltr'><strong><em>erro</em></strong></span> <span class='ocrx_word' id='word_1_226' title='bbox 402 1958 411 1967; x_wconf 91' lang='lat'><strong>.</strong></span> 
     </span>
    </p>

    <p class='ocr_par' dir='ltr' id='par_1_21' title="bbox 139 1979 1102 2038">
     <span class='ocr_line' id='line_1_30' title="bbox 139 1979 1102 2038; baseline 0.002 -14"><span class='ocrx_word' id='word_1_227' title='bbox 139 1979 254 2024; x_wconf 86' lang='lat'><strong>367:</strong></span> <span class='ocrx_word' id='word_1_228' title='bbox 288 1983 399 2027; x_wconf 88' lang='lat' dir='ltr'><strong><em>Aen.</em></strong></span> <span class='ocrx_word' id='word_1_229' title='bbox 436 1986 512 2038; x_wconf 92' lang='lat'><strong><em>10,</em></strong></span> <span class='ocrx_word' id='word_1_230' title='bbox 546 1987 600 2027; x_wconf 90' lang='grc'><strong><em>67</em></strong></span> <span class='ocrx_word' id='word_1_231' title='bbox 636 1982 775 2036; x_wconf 75' lang='lat' dir='ltr'><strong><em>‘fatis</em></strong></span> <span class='ocrx_word' id='word_1_232' title='bbox 805 1982 1102 2027; x_wconf 81' lang='lat' dir='ltr'><strong><em>auctoribus’.</em></strong></span> 
     </span>
    </p>

    <p class='ocr_par' dir='ltr' id='par_1_22' title="bbox 139 2037 1825 2156">
     <span class='ocr_line' id='line_1_31' title="bbox 139 2037 1824 2098; baseline 0.001 -15"><span class='ocrx_word' id='word_1_233' title='bbox 139 2037 254 2084; x_wconf 85' lang='lat'><strong>370:</strong></span> <span class='ocrx_word' id='word_1_234' title='bbox 286 2040 384 2085; x_wconf 84' lang='lat' dir='ltr'><strong>Eol.</strong></span> <span class='ocrx_word' id='word_1_235' title='bbox 418 2045 467 2097; x_wconf 91' lang='grc'><strong><em>2,</em></strong></span> <span class='ocrx_word' id='word_1_236' title='bbox 502 2045 556 2084; x_wconf 94' lang='grc'><strong><em>11</em></strong></span> <span class='ocrx_word' id='word_1_237' title='bbox 602 2041 723 2085; x_wconf 82' lang='lat' dir='ltr'><strong><em>‘alia</em></strong></span> <span class='ocrx_word' id='word_1_238' title='bbox 761 2041 1108 2098; x_wconf 87' lang='lat' dir='ltr'><strong><em>serpullumque</em></strong></span> <span class='ocrx_word' id='word_1_239' title='bbox 1145 2041 1306 2085; x_wconf 82' lang='lat' dir='ltr'><strong><em>herbas</em></strong></span> <span class='ocrx_word' id='word_1_240' title='bbox 1343 2042 1584 2086; x_wconf 73' lang='lat' dir='ltr'><strong><em>contundit</em></strong></span> <span class='ocrx_word' id='word_1_241' title='bbox 1621 2041 1824 2096; x_wconf 73' lang='lat' dir='ltr'><strong><em>oleutis&#39;:</em></strong></span> 
     </span>
     <span class='ocr_line' id='line_1_32' title="bbox 255 2098 1825 2156; baseline 0 -14"><span class='ocrx_word' id='word_1_242' title='bbox 255 2098 367 2145; x_wconf 87' lang='lat' dir='ltr'><strong><em>ibid.</em></strong></span> <span class='ocrx_word' id='word_1_243' title='bbox 400 2104 457 2144; x_wconf 83' lang='lat'><strong><em>49</em></strong></span> <span class='ocrx_word' id='word_1_244' title='bbox 501 2100 783 2144; x_wconf 72' lang='lat' dir='ltr'><strong><em>‘narcissum</em></strong></span> <span class='ocrx_word' id='word_1_245' title='bbox 821 2102 869 2144; x_wconf 74' lang='lat' dir='ltr'><strong><em>et</em></strong></span> <span class='ocrx_word' id='word_1_246' title='bbox 906 2099 1065 2145; x_wconf 87' lang='lat' dir='ltr'><strong><em>florem</em></strong></span> <span class='ocrx_word' id='word_1_247' title='bbox 1103 2099 1259 2156; x_wconf 76' lang='lat' dir='ltr'><strong><em>iungit</em></strong></span> <span class='ocrx_word' id='word_1_248' title='bbox 1295 2100 1414 2144; x_wconf 88' lang='lat' dir='ltr'><strong><em>bene</em></strong></span> <span class='ocrx_word' id='word_1_249' title='bbox 1453 2100 1614 2145; x_wconf 77' lang='lat' dir='ltr'><strong><em>olentis</em></strong></span> <span class='ocrx_word' id='word_1_250' title='bbox 1645 2099 1825 2154; x_wconf 77' lang='lat' dir='ltr'><strong><em>anethi3</em></strong></span> 
     </span>
    </p>

    <p class='ocr_par' dir='ltr' id='par_1_23' title="bbox 192 2158 1648 2214">
     <span class='ocr_line' id='line_1_33' title="bbox 192 2158 1648 2214; baseline 0 -12"><span class='ocrx_word' id='word_1_251' title='bbox 192 2161 196 2166; x_wconf 85' lang='lat'>&#39;</span> <span class='ocrx_word' id='word_1_252' title='bbox 254 2159 356 2202; x_wconf 75' lang='lat' dir='ltr'><strong><em>tum</em></strong></span> <span class='ocrx_word' id='word_1_253' title='bbox 388 2159 516 2203; x_wconf 83' lang='lat' dir='ltr'><strong><em>casia</em></strong></span> <span class='ocrx_word' id='word_1_254' title='bbox 546 2160 686 2214; x_wconf 72' lang='lat' dir='ltr'><strong><em>atque</em></strong></span> <span class='ocrx_word' id='word_1_255' title='bbox 719 2158 823 2203; x_wconf 86' lang='lat' dir='ltr'><strong><em>aliis</em></strong></span> <span class='ocrx_word' id='word_1_256' title='bbox 854 2158 1065 2203; x_wconf 73' lang='lat' dir='ltr'><strong><em>intexens</em></strong></span> <span class='ocrx_word' id='word_1_257' title='bbox 1096 2158 1315 2203; x_wconf 79' lang='lat' dir='ltr'><strong><em>suauibus</em></strong></span> <span class='ocrx_word' id='word_1_258' title='bbox 1345 2159 1519 2203; x_wconf 78' lang='lat' dir='ltr'><strong><em>herbis’</em></strong></span> <span class='ocrx_word' id='word_1_259' title='bbox 1554 2172 1648 2214; x_wconf 84' lang='lat' dir='ltr'><strong><em>eqs.</em></strong></span> 
     </span>
    </p>

    <p class='ocr_par' dir='ltr' id='par_1_24' title="bbox 137 2214 1827 2392">
     <span class='ocr_line' id='line_1_34' title="bbox 137 2214 1827 2274; baseline 0.001 -15"><span class='ocrx_word' id='word_1_260' title='bbox 137 2214 252 2260; x_wconf 87' lang='lat'><strong>371:</strong></span> <span class='ocrx_word' id='word_1_261' title='bbox 285 2216 383 2261; x_wconf 87' lang='lat' dir='ltr'>Ecl.</span> <span class='ocrx_word' id='word_1_262' title='bbox 411 2221 452 2273; x_wconf 91' lang='lat'><strong><em>8,</em></strong></span> <span class='ocrx_word' id='word_1_263' title='bbox 479 2222 557 2262; x_wconf 84' lang='lat'><strong><em>73:</em></strong></span> <span class='ocrx_word' id='word_1_264' title='bbox 593 2217 606 2239; x_wconf 80' lang='lat'><em>‘</em></span> <span class='ocrx_word' id='word_1_265' title='bbox 623 2218 775 2262; x_wconf 78' lang='lat' dir='ltr'><strong><em>Terna</em></strong></span> <span class='ocrx_word' id='word_1_266' title='bbox 797 2217 888 2262; x_wconf 76' lang='lat' dir='ltr'><strong><em>tibi</em></strong></span> <span class='ocrx_word' id='word_1_267' title='bbox 909 2218 1027 2262; x_wconf 85' lang='lat' dir='ltr'><strong><em>haec</em></strong></span> <span class='ocrx_word' id='word_1_268' title='bbox 1051 2218 1253 2274; x_wconf 87' lang='lat' dir='ltr'><strong><em>primum</em></strong></span> <span class='ocrx_word' id='word_1_269' title='bbox 1277 2217 1454 2273; x_wconf 79' lang='lat' dir='ltr'><strong><em>triplici</em></strong></span> <span class='ocrx_word' id='word_1_270' title='bbox 1476 2218 1661 2262; x_wconf 85' lang='lat' dir='ltr'><strong><em>diuersa</em></strong></span> <span class='ocrx_word' id='word_1_271' title='bbox 1684 2218 1827 2263; x_wconf 83' lang='lat' dir='ltr'><strong><em>colore</em></strong></span> 
     </span>
     <span class='ocr_line' id='line_1_35' title="bbox 255 2274 1823 2334; baseline 0.001 -16"><span class='ocrx_word' id='word_1_272' title='bbox 255 2274 387 2321; x_wconf 85' lang='lat' dir='ltr'><strong><em>Licia</em></strong></span> <span class='ocrx_word' id='word_1_273' title='bbox 418 2275 654 2322; x_wconf 83' lang='lat' dir='ltr'><strong><em>circumdo</em></strong></span> <span class='ocrx_word' id='word_1_274' title='bbox 693 2281 851 2332; x_wconf 87' lang='lat' dir='ltr'><strong><em>terque</em></strong></span> <span class='ocrx_word' id='word_1_275' title='bbox 883 2277 1000 2321; x_wconf 84' lang='lat' dir='ltr'><strong><em>haec</em></strong></span> <span class='ocrx_word' id='word_1_276' title='bbox 1033 2275 1200 2320; x_wconf 75' lang='lat' dir='ltr'><strong><em>altaria</em></strong></span> <span class='ocrx_word' id='word_1_277' title='bbox 1231 2276 1404 2320; x_wconf 82' lang='lat' dir='ltr'><strong><em>circum</em></strong></span> <span class='ocrx_word' id='word_1_278' title='bbox 1435 2275 1651 2334; x_wconf 87' lang='lat' dir='ltr'><strong><em>Effigiem</em></strong></span> <span class='ocrx_word' id='word_1_279' title='bbox 1681 2276 1823 2321; x_wconf 84' lang='lat' dir='ltr'><strong>duco:</strong></span> 
     </span>
     <span class='ocr_line' id='line_1_36' title="bbox 253 2335 1508 2392; baseline -0.001 -13"><span class='ocrx_word' id='word_1_280' title='bbox 253 2348 440 2380; x_wconf 77' lang='lat' dir='ltr'><strong><em>numero</em></strong></span> <span class='ocrx_word' id='word_1_281' title='bbox 471 2336 581 2379; x_wconf 87' lang='lat' dir='ltr'><strong><em>deus</em></strong></span> <span class='ocrx_word' id='word_1_282' title='bbox 611 2336 787 2392; x_wconf 80' lang='lat' dir='ltr'><strong><em>impare</em></strong></span> <span class='ocrx_word' id='word_1_283' title='bbox 815 2335 1019 2392; x_wconf 70' lang='lat' dir='ltr'><strong><em>qaudet&#39;.</em></strong></span> <span class='ocrx_word' id='word_1_284' title='bbox 1498 2371 1508 2378; x_wconf 92' lang='lat'><em>.</em></span> 
     </span>
    </p>

    <p class='ocr_par' dir='ltr' id='par_1_25' title="bbox 136 2391 1826 2568">
     <span class='ocr_line' id='line_1_37' title="bbox 136 2391 1824 2451; baseline 0.002 -15"><span class='ocrx_word' id='word_1_285' title='bbox 136 2391 252 2437; x_wconf 93' lang='lat'><strong>378:</strong></span> <span class='ocrx_word' id='word_1_286' title='bbox 285 2393 451 2451; x_wconf 86' lang='lat' dir='ltr'><strong><em>Georg.</em></strong></span> <span class='ocrx_word' id='word_1_287' title='bbox 486 2399 535 2449; x_wconf 89' lang='grc'><strong><em>4,</em></strong></span> <span class='ocrx_word' id='word_1_288' title='bbox 567 2398 655 2438; x_wconf 88' lang='grc'><strong><em>443</em></strong></span> <span class='ocrx_word' id='word_1_289' title='bbox 697 2393 882 2438; x_wconf 81' lang='lat' dir='ltr'><strong><em>‘uerum</em></strong></span> <span class='ocrx_word' id='word_1_290' title='bbox 920 2395 1002 2438; x_wconf 89' lang='lat' dir='ltr'><strong><em>ubi</em></strong></span> <span class='ocrx_word' id='word_1_291' title='bbox 1030 2394 1163 2438; x_wconf 75' lang='lat' dir='ltr'><strong><em>‘nulla</em></strong></span> <span class='ocrx_word' id='word_1_292' title='bbox 1192 2393 1352 2450; x_wconf 81' lang='lat' dir='ltr'><strong><em>fugam</em></strong></span> <span class='ocrx_word' id='word_1_293' title='bbox 1383 2407 1432 2438; x_wconf 83' lang='lat' dir='ltr'><strong><em>re</em></strong></span> <span class='ocrx_word' id='word_1_294' title='bbox 1469 2393 1560 2438; x_wconf 64' lang='lat' dir='ltr'><strong><em>erit</em></strong></span> <span class='ocrx_word' id='word_1_295' title='bbox 1587 2393 1824 2449; x_wconf 73' lang='lat' dir='ltr'><strong><em>fallacia&#39;3</em></strong></span> 
     </span>
     <span class='ocr_line' id='line_1_38' title="bbox 253 2451 1826 2509; baseline 0.001 -14"><span class='ocrx_word' id='word_1_296' title='bbox 253 2451 368 2496; x_wconf 90' lang='lat' dir='ltr'><strong><em>Aen.</em></strong></span> <span class='ocrx_word' id='word_1_297' title='bbox 386 2457 428 2507; x_wconf 88' lang='lat'><strong><em>3,</em></strong></span> <span class='ocrx_word' id='word_1_298' title='bbox 447 2457 533 2498; x_wconf 93' lang='grc'><strong><em>670</em></strong></span> <span class='ocrx_word' id='word_1_299' title='bbox 560 2453 738 2497; x_wconf 81' lang='lat' dir='ltr'><strong><em>‘uerum</em></strong></span> <span class='ocrx_word' id='word_1_300' title='bbox 760 2454 843 2498; x_wconf 89' lang='lat' dir='ltr'><strong><em>ubi</em></strong></span> <span class='ocrx_word' id='word_1_301' title='bbox 864 2454 997 2498; x_wconf 77' lang='lat' dir='ltr'><strong><em>nulla</em></strong></span> <span class='ocrx_word' id='word_1_302' title='bbox 1021 2453 1159 2497; x_wconf 75' lang='lat' dir='ltr'><strong><em>datur</em></strong></span> <span class='ocrx_word' id='word_1_303' title='bbox 1181 2452 1344 2497; x_wconf 79' lang='lat' dir='ltr'><strong><em>dextra</em></strong></span> <span class='ocrx_word' id='word_1_304' title='bbox 1364 2452 1424 2497; x_wconf 77' lang='lat' dir='ltr'><strong><em>ad</em></strong></span> <span class='ocrx_word' id='word_1_305' title='bbox 1446 2453 1601 2498; x_wconf 65' lang='lat' dir='ltr'><strong><em>eetare</em></strong></span> <span class='ocrx_word' id='word_1_306' title='bbox 1616 2455 1826 2509; x_wconf 73' lang='lat' dir='ltr'><strong><em>potestas</em></strong></span> 
     </span>
     <span class='ocr_line' id='line_1_39' title="bbox 254 2510 848 2568; baseline 0.002 -13"><span class='ocrx_word' id='word_1_307' title='bbox 254 2510 353 2555; x_wconf 80' lang='lat' dir='ltr'><strong><em>Nec</em></strong></span> <span class='ocrx_word' id='word_1_308' title='bbox 374 2513 501 2567; x_wconf 77' lang='lat' dir='ltr'><strong><em>potis</em></strong></span> <span class='ocrx_word' id='word_1_309' title='bbox 531 2511 713 2556; x_wconf 84' lang='lat' dir='ltr'><strong><em>Ionios&#39;</em></strong></span> <span class='ocrx_word' id='word_1_310' title='bbox 751 2525 848 2568; x_wconf 85' lang='lat' dir='ltr'><strong><em>eqs.</em></strong></span> 
     </span>
    </p>

    <p class='ocr_par' dir='ltr' id='par_1_26' title="bbox 137 2567 1535 2627">
     <span class='ocr_line' id='line_1_40' title="bbox 137 2567 1535 2627; baseline 0.003 -16"><span class='ocrx_word' id='word_1_311' title='bbox 137 2567 253 2612; x_wconf 89' lang='lat'><strong>381:</strong></span> <span class='ocrx_word' id='word_1_312' title='bbox 285 2569 398 2614; x_wconf 91' lang='lat' dir='ltr'><strong><em>Aen.</em></strong></span> <span class='ocrx_word' id='word_1_313' title='bbox 434 2575 482 2626; x_wconf 89' lang='lat'><strong><em>9,</em></strong></span> <span class='ocrx_word' id='word_1_314' title='bbox 517 2576 600 2615; x_wconf 88' lang='lat'><strong><em>199</em></strong></span> <span class='ocrx_word' id='word_1_315' title='bbox 637 2571 830 2615; x_wconf 78' lang='lat' dir='ltr'><strong><em>‘socium</em></strong></span> <span class='ocrx_word' id='word_1_316' title='bbox 863 2570 1054 2615; x_wconf 85' lang='lat' dir='ltr'><strong><em>summis</em></strong></span> <span class='ocrx_word' id='word_1_317' title='bbox 1085 2570 1333 2627; x_wconf 73' lang='lat' dir='ltr'><strong><em>adiuriyere</em></strong></span> <span class='ocrx_word' id='word_1_318' title='bbox 1361 2570 1535 2615; x_wconf 87' lang='lat' dir='ltr'><strong><em>rebus&#39;.</em></strong></span> 
     </span>
    </p>

    <p class='ocr_par' dir='ltr' id='par_1_27' title="bbox 137 2625 1824 2745">
     <span class='ocr_line' id='line_1_41' title="bbox 137 2625 1824 2684; baseline 0.001 -14"><span class='ocrx_word' id='word_1_319' title='bbox 137 2625 227 2671; x_wconf 90' lang='lat'><strong>387</strong></span> <span class='ocrx_word' id='word_1_320' title='bbox 257 2642 378 2684; x_wconf 85' lang='lat' dir='ltr'><strong>sqq.:</strong></span> <span class='ocrx_word' id='word_1_321' title='bbox 412 2627 512 2673; x_wconf 68' lang='lat' dir='ltr'><strong><em>Cat.</em></strong></span> <span class='ocrx_word' id='word_1_322' title='bbox 540 2634 618 2684; x_wconf 86' lang='lat'><strong><em>64,</em></strong></span> <span class='ocrx_word' id='word_1_323' title='bbox 646 2634 815 2675; x_wconf 88' lang='lat'><strong>19—21</strong></span> <span class='ocrx_word' id='word_1_324' title='bbox 846 2630 859 2651; x_wconf 85' lang='lat'><em>‘</em></span> <span class='ocrx_word' id='word_1_325' title='bbox 879 2629 993 2674; x_wconf 86' lang='lat' dir='ltr'><strong><em>Tum</em></strong></span> <span class='ocrx_word' id='word_1_326' title='bbox 1010 2628 1223 2674; x_wconf 74' lang='lat' dir='ltr'><strong><em>Thetidis</em></strong></span> <span class='ocrx_word' id='word_1_327' title='bbox 1246 2629 1413 2673; x_wconf 86' lang='lat' dir='ltr'><strong><em>Peleus</em></strong></span> <span class='ocrx_word' id='word_1_328' title='bbox 1436 2654 1494 2661; x_wconf 90' lang='lat'><strong><em>-—</em></strong></span> <span class='ocrx_word' id='word_1_329' title='bbox 1522 2628 1640 2674; x_wconf 82' lang='lat' dir='ltr'><strong><em>Tum</em></strong></span> <span class='ocrx_word' id='word_1_330' title='bbox 1662 2628 1824 2674; x_wconf 80' lang='lat' dir='ltr'><strong><em>Thetis</em></strong></span> 
     </span>
     <span class='ocr_line' id='line_1_42' title="bbox 254 2687 1274 2745; baseline 0.001 -15"><span class='ocrx_word' id='word_1_331' title='bbox 254 2687 482 2731; x_wconf 88' lang='lat' dir='ltr'><strong><em>humanos</em></strong></span> <span class='ocrx_word' id='word_1_332' title='bbox 513 2714 570 2721; x_wconf 86' lang='lat'><em>-</em></span> <span class='ocrx_word' id='word_1_333' title='bbox 605 2688 723 2733; x_wconf 89' lang='lat' dir='ltr'><strong><em>Tum</em></strong></span> <span class='ocrx_word' id='word_1_334' title='bbox 753 2687 942 2733; x_wconf 76' lang='lat' dir='ltr'><strong><em>Thetidi</em></strong></span> <span class='ocrx_word' id='word_1_335' title='bbox 970 2689 1108 2745; x_wconf 75' lang='lat' dir='ltr'><strong><em>pater</em></strong></span> <span class='ocrx_word' id='word_1_336' title='bbox 1138 2687 1274 2744; x_wconf 86' lang='lat' dir='ltr'><strong><em>ipse&#39;.</em></strong></span> 
     </span>
    </p>

    <p class='ocr_par' dir='ltr' id='par_1_28' title="bbox 136 2743 1824 2980">
     <span class='ocr_line' id='line_1_43' title="bbox 136 2743 1823 2804; baseline -0.001 -15"><span class='ocrx_word' id='word_1_337' title='bbox 136 2743 253 2790; x_wconf 77' lang='lat'><strong><em>391:</em></strong></span> <span class='ocrx_word' id='word_1_338' title='bbox 286 2744 385 2790; x_wconf 76' lang='lat' dir='ltr'><strong><em>Cat.</em></strong></span> <span class='ocrx_word' id='word_1_339' title='bbox 420 2749 497 2802; x_wconf 89' lang='lat'><strong><em>64,</em></strong></span> <span class='ocrx_word' id='word_1_340' title='bbox 532 2751 585 2790; x_wconf 90' lang='grc'>15</span> <span class='ocrx_word' id='word_1_341' title='bbox 629 2747 912 2804; x_wconf 81' lang='lat' dir='ltr'><strong><em>‘aequoreae</em></strong></span> <span class='ocrx_word' id='word_1_342' title='bbox 949 2747 1207 2791; x_wconf 73' lang='lat' dir='ltr'><strong><em>monstrum</em></strong></span> <span class='ocrx_word' id='word_1_343' title='bbox 1245 2746 1465 2791; x_wconf 87' lang='lat' dir='ltr'><strong><em>Nereides</em></strong></span> <span class='ocrx_word' id='word_1_344' title='bbox 1503 2745 1823 2799; x_wconf 77' lang='lat' dir='ltr'><strong><em>admirantes’3</em></strong></span> 
     </span>
     <span class='ocr_line' id='line_1_44' title="bbox 256 2803 1824 2862; baseline -0.001 -14"><span class='ocrx_word' id='word_1_345' title='bbox 256 2803 395 2860; x_wconf 88' lang='lat' dir='ltr'><strong><em>Verg.</em></strong></span> <span class='ocrx_word' id='word_1_346' title='bbox 435 2806 518 2851; x_wconf 91' lang='lat' dir='ltr'><strong><em>ecl.</em></strong></span> <span class='ocrx_word' id='word_1_347' title='bbox 561 2810 637 2860; x_wconf 92' lang='lat'><strong><em>10,</em></strong></span> <span class='ocrx_word' id='word_1_348' title='bbox 680 2810 854 2851; x_wconf 86' lang='lat'><strong>13-15</strong></span> <span class='ocrx_word' id='word_1_349' title='bbox 904 2806 1060 2850; x_wconf 85' lang='lat' dir='ltr'><strong><em>‘illum</em></strong></span> <span class='ocrx_word' id='word_1_350' title='bbox 1098 2807 1233 2850; x_wconf 83' lang='lat' dir='ltr'><strong><em>etiam</em></strong></span> <span class='ocrx_word' id='word_1_351' title='bbox 1278 2805 1420 2862; x_wconf 87' lang='lat' dir='ltr'><strong><em>lauri,</em></strong></span> <span class='ocrx_word' id='word_1_352' title='bbox 1469 2804 1609 2849; x_wconf 75' lang='lat' dir='ltr'><strong><em>etiam</em></strong></span> <span class='ocrx_word' id='word_1_353' title='bbox 1655 2803 1824 2848; x_wconf 88' lang='lat' dir='ltr'><strong><em>fleuere</em></strong></span> 
     </span>
     <span class='ocr_line' id='line_1_45' title="bbox 256 2863 1823 2967; baseline -0.001 -60"><span class='ocrx_word' id='word_1_354' title='bbox 256 2864 482 2967; x_wconf 44' lang='lat' dir='ltr'><strong><em>mjlrricatz,</em></strong></span> <span class='ocrx_word' id='word_1_355' title='bbox 521 2863 705 2967; x_wconf 56' lang='lat' dir='ltr'><strong><em>piln‘iifeii·i</em></strong></span> <span class='ocrx_word' id='word_1_356' title='bbox 720 2865 852 2909; x_wconf 76' lang='lat' dir='ltr'><strong><em>illum</em></strong></span> <span class='ocrx_word' id='word_1_357' title='bbox 882 2865 1017 2967; x_wconf 53' lang='lat' dir='ltr'><strong><em>{tiam</em></strong></span> <span class='ocrx_word' id='word_1_358' title='bbox 1048 2863 1150 2966; x_wconf 45' lang='lat' dir='ltr'><strong><em>sila</em></strong></span> <span class='ocrx_word' id='word_1_359' title='bbox 1181 2864 1266 2943; x_wconf 54' lang='lat' dir='ltr'><strong><em>sui}</em></strong></span> <span class='ocrx_word' id='word_1_360' title='bbox 1296 2877 1410 2921; x_wconf 88' lang='lat' dir='ltr'><strong><em>rupe</em></strong></span> <span class='ocrx_word' id='word_1_361' title='bbox 1438 2863 1669 2908; x_wconf 72' lang='lat' dir='ltr'><strong><em>iacentem</em></strong></span> <span class='ocrx_word' id='word_1_362' title='bbox 1701 2863 1823 2907; x_wconf 91' lang='lat' dir='ltr'><strong><em>Mae-</em></strong></span> 
     </span>
     <span class='ocr_line' id='line_1_46' title="bbox 255 2936 1282 2980; baseline 0.001 -14"><span class='ocrx_word' id='word_1_363' title='bbox 255 2936 316 2966; x_wconf 85' lang='lat' dir='ltr'><strong><em>na</em></strong></span> <span class='ocrx_word' id='word_1_364' title='bbox 336 2937 388 2966; x_wconf 91' lang='lat' dir='ltr'><strong><em>us</em></strong></span> <span class='ocrx_word' id='word_1_365' title='bbox 422 2937 445 2967; x_wconf 92' lang='lat' dir='ltr'><strong><em>e</em></strong></span> <span class='ocrx_word' id='word_1_366' title='bbox 499 2936 557 2980; x_wconf 87' lang='lat' dir='ltr'><strong><em>ge</em></strong></span> <span class='ocrx_word' id='word_1_367' title='bbox 579 2939 595 2966; x_wconf 92' lang='lat'><strong>1</strong></span> <span class='ocrx_word' id='word_1_368' title='bbox 629 2939 645 2967; x_wconf 90' lang='lat'>1</span> <span class='ocrx_word' id='word_1_369' title='bbox 708 2937 881 2968; x_wconf 86' lang='lat' dir='ltr'><strong><em>euerun</em></strong></span> <span class='ocrx_word' id='word_1_370' title='bbox 936 2937 1046 2968; x_wconf 86' lang='lat' dir='ltr'><strong><em>saxa</em></strong></span> <span class='ocrx_word' id='word_1_371' title='bbox 1116 2936 1247 2980; x_wconf 84' lang='lat' dir='ltr'><strong><em>yeae1</em></strong></span> <span class='ocrx_word' id='word_1_372' title='bbox 1272 2958 1282 2968; x_wconf 90' lang='lat'><strong>.</strong></span> 
     </span>
    </p>
   </div>
  </div>
 </body>
</html>
