1992 3238
175 220 251 273 42
791 219 912 264 XVI.
934 219 1258 277 ,APPENDIX

178 374 244 408 ex
284 354 482 408 eisdem
529 354 907 423 interrogatur.
967 355 1131 407 immo
1173 355 1250 408 sic
1296 354 1480 407 debuit
1519 355 1866 425 interrogari·

177 428 372 496 dicite,
412 444 592 479 manes
631 427 872 496 peruersi
911 425 1133 499 (quippe
1174 428 1262 497 qui
1297 428 1562 497 optimum
1601 445 1865 498 quemque

174 502 428 554 iuuenem
467 499 806 569 cupidissime
847 501 1116 569 arripiatis
1156 500 1351 569 spretis
1393 501 1611 554 senibus
1655 500 1867 572 effetis),

175 575 433 656 quinam
467 571 751 626 Octauium
790 575 935 643 patri
970 591 1244 642 superesse
1284 574 1538 627 inuiderit
1578 571 1748 643 (cuius
1786 575 1866 627 in-

174 647 349 700 uidiae
382 646 633 700 interitus
664 650 779 699 tam
810 647 1110 700 inmaturus
1150 647 1498 716 imputandus
1532 644 1659 718 sit)'.
1713 665 1867 716 prae-

175 721 267 772 bet
314 723 495 773 autem
541 720 674 773 illud
718 738 847 788 quae
891 739 1031 773 unus
1078 719 1440 773 BruxellenS1s
1449 762 1463 788 ,
1511 739 1631 774 cum
1678 724 1866 775 contra

174 793 626 847 Helmstadicnsis
657 798 791 862 quot,
832 794 994 847 ceteri
1026 794 1263 846 eiusdem
1299 793 1537 846 familiae
1576 794 1703 847 libri
1733 795 1870 861 quod

171 867 407 921 tradant.
470 867 610 920 unde
655 885 842 920 uerum
888 870 1018 936 puto
1056 867 1191 920 huuc
1227 883 1480 934 superesse
1507 868 1677 936 patri,
1722 869 1868 935 quoi

167 941 277 1008 fuit
315 940 557 994 inuidia?

320 1013 663 1084 Responsum
704 1014 815 1067 siue
849 1012 1058 1067 Octauii
1091 1014 1204 1067 siue
1243 1013 1424 1082 potius
1464 1013 1703 1066 manium
1743 1032 1863 1067 cum

172 1088 230 1141 in
268 1088 374 1139 fine
423 1087 827 1157 epigrammatis
877 1090 1060 1156 aperte
1106 1086 1455 1151 desideretur,
1501 1086 1634 1140 illud
1683 1090 1865 1140 autem

171 1161 506 1231 poemation,
545 1160 684 1213 unde
723 1160 856 1213 haec
895 1161 1188 1229 disputatio
1229 1160 1485 1230 degressa
1524 1163 1627 1227 est,
1673 1161 1753 1213 nil
1793 1162 1864 1214 sit

172 1234 281 1286 nisi
320 1251 512 1302 corpus
551 1237 814 1302 truncum,
854 1234 938 1287 cui
977 1234 1223 1287 auolsum
1262 1237 1345 1287 est
1380 1236 1563 1302 caput:
1602 1234 1865 1302 periclite-

170 1325 292 1360 mur
338 1325 467 1359 num
507 1307 804 1376 copulando
846 1307 1069 1360 disiecta
1114 1307 1357 1360 membra
1400 1307 1604 1359 iustum
1653 1307 1865 1360 efficere

94 1404 100 1407 ·
171 1381 334 1434 liceat
382 1398 610 1434 carmen.
671 1399 799 1432 nam
839 1382 906 1434 ab
955 1383 1173 1442 externa
1220 1398 1381 1450 quam
1428 1382 1626 1433 uocant
1670 1381 1866 1448 proba-

172 1454 386 1507 bilitate
425 1454 563 1506 nihil
601 1454 725 1507 huic
765 1454 1097 1523 copulationi
1138 1455 1340 1522 obstat,
1387 1453 1545 1506 modo
1585 1456 1864 1507 teneamus

172 1529 312 1582 inter
342 1528 506 1580 finem
538 1528 791 1580 carminis
829 1529 896 1581 14
929 1531 983 1581 et
1014 1545 1135 1580 eum
1166 1528 1359 1597 locum,
1394 1544 1554 1597 quem
1584 1545 1725 1580 nunc
1758 1527 1864 1580 duo

171 1602 264 1655 illa
304 1600 535 1654 disticha
572 1601 630 1653 in
667 1600 820 1654 libris
862 1602 1131 1671 optinent,
1174 1602 1432 1653 interesse
1472 1600 1672 1669 uiginti
1712 1601 1866 1670 quin·

171 1692 274 1744 que
323 1693 511 1727 uersus
553 1672 646 1744 (ad
682 1692 878 1728 nouem
925 1675 1176 1728 carminis
1224 1674 1402 1744 quarti
1447 1673 1582 1726 adde
1631 1673 1863 1727 sedecim

171 1748 380 1817 priores
430 1747 654 1818 quinti)3
709 1748 870 1818 unde,
921 1749 967 1801 si
1014 1748 1294 1817 archetypi
1342 1747 1587 1817 singulas
1633 1747 1864 1817 paginas

169 1821 401 1892 triginta
439 1822 549 1874 fere
589 1839 777 1874 uersus
818 1822 1144 1876 continuisse
1183 1821 1458 1886 sumimus,
1498 1820 1730 1873 disticha
1769 1821 1866 1874 illa

171 1897 297 1978 post
336 1895 585 1963 quintum
624 1895 856 1965 paginae
896 1904 1112 1948 ue'rsum
1152 1896 1354 1948 omissa
1399 1897 1591 1963 postea
1627 1894 1685 1946 in
1723 1912 1865 1947 mar·

172 1968 300 2038 gine
342 1968 596 2022 inferiore
629 1968 899 2038 adscripta
929 1969 1094 2022 fuisse
1134 1971 1372 2038 apparet.
1434 1968 1559 2021 huic
1588 1967 1757 2052 igitur
1786 1969 1867 2021 rei

170 2060 316 2095 nunc
357 2059 520 2110 opera
559 2042 736 2095 danda
775 2045 872 2111 est,
915 2046 977 2096 ut
1016 2060 1080 2095 ex
1117 2042 1297 2095 uerbis
1337 2041 1445 2094 illis
1484 2042 1714 2110 pessime
1752 2041 1864 2095 foe-

171 2115 312 2168 datis
351 2115 533 2168 callide
569 2117 738 2184 mayis
766 2116 858 2169 sub
888 2116 976 2169 hec
1005 2116 1099 2169 celi
1128 2120 1202 2169 est
1227 2116 1430 2169 iniuria
1466 2115 1586 2168 secli
1616 2114 1865 2167 eliciatur

173 2188 442 2241 sententia
493 2188 659 2259 digna
713 2191 767 2241 et
818 2190 996 2258 priore
1048 2188 1353 2259 fragmento
1406 2191 1460 2240 et
1511 2188 1632 2256 ipso
1687 2191 1865 2256 poeta.

170 2261 392 2314 uideant
432 2263 588 2331 aequi
626 2265 681 2315 et
718 2263 878 2331 periti
917 2262 1134 2327 iudices,
1175 2280 1305 2314 num
1344 2262 1482 2315 bona
1520 2261 1656 2314 hora
1694 2264 1748 2313 et
1789 2261 1863 2314 fa-
1894 2307 1897 2309 .

172 2338 332 2388 uente
373 2334 626 2404 Apolline
666 2353 881 2388 carmen
920 2335 1303 2389 concinnatum
1343 2335 1421 2388 sic
1459 2334 1810 2388 restituerim:

351 2409 479 2476 Quis
515 2410 658 2474 deus,
700 2408 905 2476 Octaui,
944 2413 989 2462 te
1026 2409 1170 2463 uobis
1205 2408 1454 2462 abstulit?
1509 2425 1582 2461 au
1618 2425 1747 2476 quae

439 2483 636 2547 dieunt,
674 2500 730 2547 a,
769 2484 930 2536 nimio
959 2483 1149 2551 poeula
1186 2484 1338 2536 dueta
1374 2482 1554 2535 mero?

351 2554 643 2624 ‘uobiscum
679 2557 727 2610 si
756 2560 830 2610 est
856 2557 1021 2624 eulpa,
1060 2557 1187 2610 bibi:
1225 2573 1324 2610 sua
1353 2572 1595 2623 quemque
1623 2559 1863 2609 secuntur

435 2629 578 2693 fata:
615 2630 744 2697 quid
778 2631 1009 2683 inmeriti
1045 2630 1236 2684 crimen
1274 2629 1458 2683 habeut
1493 2628 1698 2697 cyathi?
1708 2628 1724 2650 '

171 2714 199 2754 5
347 2702 540 2768 scripta
577 2704 781 2769 quidem
820 2708 911 2756 tua
947 2720 1042 2757 uos
1080 2704 1299 2757 multum
1337 2702 1645 2756 mirabimur
1682 2706 1731 2756 et
1768 2706 1814 2755 te

436 2780 646 2842 raptum
682 2777 742 2830 ob
778 2790 1051 2830 romanam
1088 2777 1322 2844 flebimus
1358 2776 1648 2844 historiam,

349 2850 438 2902 sed
473 2853 528 2900 tu
564 2850 741 2903 nullus
778 2852 892 2904 eris.
939 2852 1173 2918 peruersi
1209 2851 1358 2904 dieite
1394 2865 1572 2903 manes
1579 2890 1595 2918 ,

438 2921 571 2976 hunc
607 2939 858 2990 superesse
878 2926 1050 2993 patri,
1087 2925 1207 2992 quoi
1242 2924 1349 2990 fuit
1383 2922 1631 2976 inuidia?
