1992 3238
745 164 824 210 IV.
864 165 1087 211 AETNA.
1654 163 1760 215 115

79 301 288 369 Insula,
328 299 413 352 cui
450 317 648 352 nomen
676 297 844 351 facies
885 298 1031 351 dedit
1067 299 1188 367 ipsa
1228 298 1502 367 Rotunda,
1681 310 1767 351 435

80 373 346 443 Sulphure
383 391 495 426 non
533 373 710 426 solum
741 389 843 424 nec
875 371 1041 424 obesa
1078 372 1340 425 bitumine
1371 375 1518 425 terra
1550 374 1654 442 est,

77 448 152 501 Et
190 446 330 516 lapis
372 445 582 498 adiutat
620 444 937 516 generandis
977 444 1195 514 ignibus
1236 449 1417 514 aptus;

3 579 8 582 ,
81 519 185 573 Sed
221 538 344 572 raro
382 519 580 587 fumat,
618 519 749 588 quin
785 517 877 570 uix
916 517 962 570 si
1001 518 1308 570 accenditur
1347 519 1523 587 ardet,

77 593 144 647 In
181 594 344 646 breue
383 593 639 645 mortales
677 592 924 644 flammas
966 591 1109 660 quod
1149 591 1304 659 copia
1341 592 1526 644 nutrit.

77 667 264 721 Insula
302 666 476 718 adhuc
513 665 710 735 flagrat
746 664 981 717 Vulcani
1017 664 1236 717 nomine
1278 682 1452 733 sacra3
1684 678 1770 718 440

78 740 216 793 Pars
255 743 439 792 tamen
475 739 687 792 incendi
726 738 900 791 maior
938 738 1148 791 refrixit
1187 740 1241 790 et
1280 738 1389 790 alto

80 813 319 866 Iactatas
357 812 551 881 recipit
589 813 786 865 classes
824 813 1091 881 portuque
1128 814 1334 879 tuetur;

80 885 228 948 Quae
267 889 440 939 restat
477 886 668 955 minor,
709 888 763 938 et
801 885 951 938 diues
991 885 1122 938 satis
1161 886 1324 938 ubere
1363 886 1507 936 terra
1547 886 1651 949 est,

81 959 184 1013 Sed
221 978 334 1013 non
373 960 603 1012 Aetnaei
641 959 785 1011 uires
827 977 965 1028 quae
997 958 1248 1014 ¹conferat
1285 957 1397 1010 imi.

79 1033 258 1102 Atque
278 1033 413 1086 haec
435 1033 554 1102 ipsa
571 1035 755 1085 tamen
771 1033 882 1085 iam
900 1032 1171 1101 quondam
1196 1031 1434 1084 extincta
1449 1031 1656 1100 fuisset,
1687 1043 1772 1099 445

79 1106 153 1160 Ni
190 1107 379 1159 furtim
419 1106 700 1176 adgereret
741 1104 909 1159 Siculi
950 1105 1146 1159 uicinia
1184 1105 1387 1158 montis

80 1180 367 1233 Materiam
409 1180 708 1249 siluamque
751 1198 906 1232 suam
944 1197 1200 1248 pressoue
1241 1178 1420 1231 canali

28 1315 33 1318 ,
80 1253 201 1307 Huc
239 1254 368 1306 illuc
407 1256 593 1323 ageret
631 1256 825 1306 uentos
865 1256 920 1305 et
956 1255 1204 1322 pasceret
1247 1252 1419 1323 ignes,

159 1326 261 1380 Sed
300 1327 492 1379 melius
531 1344 617 1379 res
655 1326 778 1396 ipsa
815 1326 959 1379 notis
1000 1328 1349 1394 spectataque
1389 1326 1549 1378 certis

83 1401 326 1454 Occurrit
366 1400 539 1471 signis
577 1418 676 1453 nec
714 1402 950 1468 temptat
984 1400 1175 1453 fallere
1213 1401 1422 1452 testem.
1688 1411 1774 1453 450

81 1473 224 1527 Nam
266 1474 404 1526 circa
442 1475 615 1526 latera
655 1476 816 1542 atque
847 1473 972 1525 imis
1011 1473 1283 1525 radicibus
1322 1471 1534 1525 Aetnae

84 1546 390 1600 Candentes
430 1550 617 1600 extant
652 1546 859 1615 lapides
900 1546 1227 1615 disiectaque
1269 1564 1399 1598 saxa

80 1621 363 1674 Intereunt
398 1621 550 1673 uenis
560 1662 574 1690 ‚
614 1620 903 1672 manifesto
943 1623 1005 1672 ut
1044 1637 1258 1673 cernere
1296 1619 1474 1688 possis

80 1695 289 1748 Pabula
328 1697 383 1747 et
423 1694 644 1747 ardendi
682 1712 902 1746 causam
941 1694 1178 1762 lapidem
1218 1710 1334 1745 esse
1375 1693 1657 1762 molarem,

82 1767 245 1821 Cuius
286 1768 524 1820 defectus
563 1767 769 1820 ieiunos
811 1768 1023 1820 conficit
1060 1767 1219 1836 ignis,
1689 1779 1775 1819 455

202 1975 290 2015 435
321 1970 549 2015 rotundae
574 1969 780 2027 Scaliger
802 1972 818 2027 ΙΙ
841 1975 928 2014 436
963 1970 1166 2027 Sulphur
1196 1974 1238 2012 Η
1264 1971 1271 2026 Ι
1298 1983 1383 2015 nec
1415 1976 1503 2017 cs:
1537 1972 1585 2015 et
1615 1974 1657 2012 11
1689 1971 1777 2026 (set

87 2059 294 2117 Machly)
345 2061 350 2114 Ι
399 2057 628 2102 bitumine
662 2062 711 2101 G:
757 2058 918 2103 atunie
948 2063 991 2101 H
1037 2059 1250 2103 acumine
1283 2070 1310 2105 ς
1354 2060 1370 2115 ΙΙ
1415 2063 1502 2102 437
1533 2058 1678 2114 lapsis
1709 2063 1737 2100 c
1766 2057 1772 2116 Ι

23 2162 26 2164 ,
83 2117 359 2174 generandis
392 2123 441 2161 G:
483 2116 715 2174 gerenidis
747 2121 789 2159 Η
824 2117 1041 2174 gerendis
1076 2118 1217 2174 (-dus)
1251 2129 1278 2164 ς
1317 2118 1331 2174 ΙΙ
1370 2122 1456 2161 438
1490 2115 1603 2173 quin
1635 2117 1774 2160 Itali:

41 2192 44 2194 ’
84 2178 166 2233 qui
198 2180 228 2218 0
266 2178 282 2233 ΙΙ
320 2181 408 2220 440
440 2177 592 2220 adhuc
623 2177 793 2233 flagrat
821 2177 1007 2233 scripsi:
1047 2177 1215 2221 durata
1247 2181 1276 2218 0
1311 2178 1449 2220 durat
1478 2176 1631 2220 adhuc
1663 2175 1777 2220 Sca-

85 2237 198 2292 liyer
223 2235 448 2279 Therasia
465 2236 534 2279 est
557 2236 759 2280 Iacobus
783 2235 962 2280 clarata
986 2237 1058 2280 est
1076 2236 1321 2291 Hauptias
1343 2236 1358 2292 ΙΙ
1381 2240 1466 2279 441
1484 2234 1686 2279 incendii
1696 2238 1747 2276 -Η
1767 2234 1772 2292 Ι

83 2293 233 2337 maior
263 2293 445 2338 refrixit
476 2306 527 2341 ςε
562 2294 737 2339 maiore
769 2293 897 2338 frixit
929 2300 957 2337 c
992 2294 1141 2339 maior
1174 2294 1329 2339 efrixit
1358 2299 1401 2336 Η
1430 2295 1446 2351 ΙΙ
1476 2298 1562 2337 442
1594 2294 1777 2337 Iactata

85 2358 113 2395 c
151 2354 167 2409 ΙΙ
206 2357 294 2396 444
326 2353 587 2410 (a)et(h)nei
618 2357 669 2395 0:
718 2353 939 2397 Aetnaeis
970 2353 1087 2397 Itali
1120 2355 1329 2398 Aetnaeo
1360 2353 1603 2409 Hauptius
1643 2353 1651 2408 Ι
1692 2352 1775 2395 imi

84 2412 269 2468 scripsi:
301 2411 373 2454 illi
406 2415 436 2453 0
476 2409 572 2454 illis
605 2412 726 2455 Itali
765 2410 868 2468 igni
897 2412 1139 2469 Hauptias
1184 2413 1199 2468 ΙΙ
1244 2417 1331 2456 446
1362 2411 1540 2455 furtum
1572 2416 1600 2453 c
1643 2413 1649 2467 Ι
1692 2411 1775 2454 ad-

86 2472 268 2527 gereret
299 2471 439 2514 Itali:
473 2470 728 2526 adgeneret
759 2474 789 2512 0
833 2473 840 2526 Ι
883 2471 1017 2515 siculi
1047 2470 1221 2515 uicinia
1252 2471 1422 2515 montis
1453 2476 1501 2513 c:
1543 2483 1625 2514 om.
1658 2471 1741 2516 Hs'
1760 2469 1776 2528 ΙΙ

87 2534 173 2573 447
205 2543 402 2585 presoue
433 2533 475 2570 Η
504 2543 560 2572 m.
593 2533 619 2572 1
645 2530 660 2586 ΙΙ
683 2533 769 2573 448
802 2542 915 2585 ager
943 2531 1158 2574 etuentos
1191 2535 1219 2572 c
1246 2533 1252 2586 Ι
1280 2530 1496 2586 pasceret
1525 2530 1622 2574 edd.
1657 2533 1774 2574 ant.:

0 2596 1 2646 Ι
83 2589 298 2645 posceret
323 2592 352 2630 0
377 2589 392 2643 ΙΙ
415 2592 501 2631 449
531 2588 654 2631 notis
680 2593 729 2630 c:
763 2591 901 2632 nocte
927 2593 1007 2635 Ης
1032 2589 1169 2644 (ariole
1193 2589 1332 2633 docet
1355 2590 1462 2633 olim
1485 2588 1744 2644 Hauptias)
1766 2587 1771 2646 Ι

86 2646 225 2691 certis
256 2648 440 2703 scripsi:
472 2646 626 2690 uentis
659 2651 687 2688 c
722 2646 854 2690 uenis
885 2651 964 2694 Ης
995 2648 1115 2691 ueris
1148 2647 1270 2692 Itali
1291 2649 1306 2704 ΙΙ
1329 2651 1416 2692 450
1449 2647 1671 2691 Occurnit
1696 2651 1738 2688 11
1766 2651 1771 2704 Ι

84 2706 254 2750 testem
286 2706 547 2761 Hauptias:
579 2706 760 2762 pestem
793 2709 823 2747 0
855 2706 870 2762 ΙΙ
902 2711 987 2750 452
1021 2707 1182 2749 extant
1220 2706 1578 2761 Wer‘nsdorfi'us:
1614 2705 1776 2749 efflant

88 2768 118 2806 0
148 2766 154 2819 Ι
182 2764 358 2809 disiect.
392 2778 448 2808 em
480 2764 647 2810 diuect,
682 2777 795 2814 corr,
824 2769 866 2807 Η
893 2765 900 2819 Ι
928 2779 1039 2809 saxa
1069 2770 1117 2807 c:
1152 2765 1250 2809 saxi
1280 2769 1358 2812 Ης
1381 2766 1396 2822 ΙΙ
1419 2770 1505 2810 453
1538 2766 1775 2809 Intersunt

89 2823 281 2880 Machly
307 2823 315 2882 Ι
343 2837 527 2868 cernere
549 2823 732 2878 scripsi:
763 2824 947 2868 credere
973 2828 1003 2866 0
1027 2826 1042 2880 ΙΙ
1066 2827 1152 2867 455
1177 2823 1354 2869 ieiunos
1378 2829 1478 2872 115:
1507 2823 1689 2868 ieiunus
1714 2829 1741 2865 c
1763 2823 1768 2881 Ι

90 2882 277 2927 conficit
309 2883 520 2940 Machly:
562 2882 743 2939 colligit
776 2886 806 2924 0
847 2882 1039 2939 corrigit
1070 2883 1270 2928 Iacobus
1309 2883 1502 2941 corripit
1532 2883 1774 2939 Hauptias

1445 2955 1506 3001 8*
