1992 3238
215 189 285 242 80
608 188 728 232 XVI.
760 186 1072 230 APPENDIX
1101 184 1499 234 VERGILIANA.

214 323 289 375 Et
330 326 534 375 secreta
572 339 719 374 meos
757 320 945 374 furtim
982 322 1226 374 narrabit
1266 323 1494 374 amores!
1846 335 1899 375 15

216 396 539 448 Gaudebunt
578 395 766 463 siluae,
806 394 1114 464 gaudebunt
1152 394 1336 446 mollia
1374 397 1531 461 prata

214 469 289 522 Et
327 469 489 538 gelidi
527 471 736 521 montes
746 510 759 536 ,
799 469 1084 536 auiumque
1125 467 1339 520 silentia
1377 467 1528 537 fient3

214 542 530 594 Tardabunt
566 543 671 595 riui
710 542 955 594 labentes
1000 559 1209 593 currere
1248 540 1526 609 lymphae,

215 614 359 668 Dum
398 634 517 668 mea
555 616 813 668 iocundas
853 617 1085 683 exponat
1123 633 1250 667 cura
1289 614 1571 683 querellas,
1974 674 1978 677 ,

214 689 437 742 Inuideo
477 689 656 753 uobiS,
696 689 833 758 agri:
873 706 993 741 mea
1032 689 1230 757 gaudia
1266 687 1503 756 habetis,
1847 701 1903 741 20

215 761 290 815 Et
327 763 485 816 uobis
523 781 664 815 nunc
703 765 806 830 est,
848 779 968 814 mea
1008 779 1143 830 quae
1181 760 1288 813 fuit
1326 764 1450 813 ante
1488 763 1754 830 uoluptas,

215 836 291 889 At
328 836 462 888 mihi
499 836 786 888 tabescunt
823 835 1110 888 morientia
1148 834 1393 887 membra
1432 833 1614 888 dolore

215 910 290 963 Et
328 910 478 963 calor
516 909 696 962 infuso
737 909 944 963 decedit
981 908 1181 978 frigore
1220 907 1435 976 mortiS‚

219 983 374 1045 Quod
413 1001 534 1035 mea
563 1001 675 1036 non
706 1001 914 1035 mecum
954 982 1171 1035 domina
1201 984 1296 1034 est.
1348 1000 1458 1034 non
1490 982 1600 1034 ulla
1630 981 1808 1050 puella

215 1056 441 1110 Doctior
478 1057 535 1108 in
572 1056 729 1108 terris
768 1056 875 1108 fuit
916 1059 1009 1108 aut
1046 1055 1357 1123 formosior3
1397 1073 1458 1108 ac
1498 1056 1543 1108 si
1847 1066 1903 1108 25

216 1130 424 1183 Fabula
461 1148 572 1182 non
610 1148 754 1181 uana
793 1132 896 1197 est,
934 1132 1089 1182 tauro
1129 1128 1258 1183 Ioue
1298 1129 1460 1199 digna
1497 1129 1586 1182 uel
1626 1146 1755 1181 auro

216 1202 484 1272 (Iuppiter
522 1205 735 1255 auertas
777 1202 1008 1272 aureml)
1047 1220 1168 1254 mea
1206 1202 1323 1256 sola
1360 1203 1542 1271 puella
1580 1205 1676 1254 est.

215 1277 369 1329 Felix
406 1279 583 1345 taure‚
621 1279 776 1344 pater
815 1276 1001 1345 magni
1038 1277 1219 1346 gregis
1259 1279 1312 1328 et
1351 1276 1531 1328 decus!
1572 1294 1605 1327 a
1641 1279 1697 1328 te

215 1350 454 1403 Vaccula
490 1369 600 1403 non
638 1367 893 1418 umquam
934 1351 1137 1403 secreta
1176 1349 1374 1402 cubilia
1414 1352 1635 1418 captans

215 1423 443 1476 Frustra
479 1427 533 1475 te
571 1423 777 1492 patitur
815 1423 967 1477 siluis
1006 1423 1215 1494 mugire
1255 1423 1510 1476 dolorem.
1849 1436 1905 1476 30

215 1498 291 1550 Et
323 1501 482 1567 pater
520 1497 814 1550 haedorum
853 1496 981 1550 felix
1022 1515 1333 1566 semperque
1372 1497 1549 1549 beate!

217 1571 341 1625 Siue
380 1572 519 1640 petis
559 1573 769 1624 montes
809 1574 1156 1639 praeruptOS,
1196 1589 1326 1623 saxa
1364 1588 1668 1639 pererrans,

221 1644 345 1698 Siue
384 1645 489 1697 tibi
528 1644 678 1696 siluis
717 1663 861 1698 noua
898 1644 1099 1713 pabula
1132 1644 1374 1697 fastidire

219 1718 344 1772 Siue
383 1719 517 1771 libet
555 1718 781 1786 campis:
820 1720 998 1770 tecum
1036 1721 1131 1770 tua
1169 1719 1313 1770 laeta
1351 1719 1557 1786 capella
1597 1720 1692 1771 est.

217 1792 292 1845 Et
330 1811 447 1845 mas
489 1793 806 1861 quicumque
847 1794 951 1860 est,
988 1792 1069 1844 illi
1108 1810 1205 1844 sua
1242 1792 1443 1844 femina
1481 1792 1665 1845 iuncta
1852 1806 1907 1846 35

339 1913 392 1952 15
424 1908 597 1952 furtem
627 1911 669 1949 Η
699 1921 756 1951 m.
782 1911 807 1950 1
837 1908 843 1963 1
869 1907 1083 1951 narrabis
1105 1913 1150 1950 Μ
1180 1908 1405 1952 narrabat
1433 1911 1476 1950 11
1502 1922 1560 1951 m.
1584 1911 1611 1950 1
1636 1909 1652 1964 11
1677 1911 1731 1952 16
1764 1910 1910 1954 molia

217 1972 259 2011 Η
289 1983 345 2012 m.
379 1971 405 2010 1
445 1968 461 2023 11
505 1971 558 2010 17
590 1968 773 2010 montes
812 1967 997 2023 scripsi:
1036 1966 1189 2011 fontes
1222 1971 1252 2008 0
1286 1969 1391 2023 (quo
1424 1971 1606 2011 seruato
1635 1966 1909 2015 Ribbeckius

220 2032 274 2071 17
309 2031 349 2071 et
383 2030 435 2069 18
468 2027 588 2070 inter
617 2039 662 2070 se
692 2026 888 2080 traiecit)
917 2029 923 2081 1
949 2026 1078 2081 fiant,
1115 2039 1139 2070 3
1170 2040 1314 2082 supra
1342 2038 1386 2082 a,
1417 2031 1450 2068 Τ
1480 2027 1496 2082 11
1528 2031 1582 2070 18
1613 2026 1828 2072 labantes
1858 2044 1907 2083 ης

215 2085 397 2130 labenti
429 2110 484 2117 -ά
514 2084 708 2141 lympha
740 2084 921 2141 Saliyer
947 2087 953 2140 1
983 2098 1164 2129 currere
1194 2086 1355 2141 uulyo:
1392 2085 1561 2129 currite
1594 2088 1625 2126 0
1661 2084 1667 2142 1
1701 2085 1908 2143 limphae

216 2148 291 2188 BP
337 2143 509 2200 lyphae
549 2148 581 2185 Τ
638 2143 644 2200 1
700 2142 923 2187 iucundas
961 2147 994 2185 Β
1046 2147 1052 2198 1
1103 2144 1334 2200 querellas
1371 2147 1426 2186 Βε
1479 2143 1690 2200 querelas
1738 2147 1872 2191 ceteri
1893 2146 1909 2204 11

217 2208 275 2247 20
306 2203 328 2245 Ι
360 2204 512 2247 littera
543 2202 761 2246 distincta
791 2203 844 2246 in
873 2206 961 2255 BP,
994 2215 1078 2247 om.
1110 2204 1163 2246 in
1193 2208 1225 2245 Τ
1247 2203 1263 2259 11
1287 2207 1342 2247 21
1374 2202 1508 2247 nobis
1535 2206 1578 2244 Η
1605 2205 1610 2258 Ι
1637 2202 1753 2247 mihi
1787 2219 1908 2261 quae

217 2262 442 2306 Heinsius
463 2262 479 2317 11
502 2266 559 2305 22
590 2260 653 2304 Et
682 2276 710 2302 n
737 2263 743 2316 Ι
770 2260 888 2304 mihi
917 2262 1077 2318 uulyo:
1109 2262 1233 2306 male
1266 2266 1297 2304 0
1326 2262 1332 2319 1
1357 2262 1604 2306 tabescunt
1634 2263 1795 2319 uulgo:
1833 2266 1905 2308 ta-

214 2321 411 2366 bescant
441 2324 472 2362 0
506 2320 650 2376 (thab.
682 2320 742 2375 11)
776 2321 791 2377 11
827 2324 881 2363 23
917 2320 1103 2364 decedit
1131 2325 1195 2362 M:
1230 2321 1417 2378 decepit
1446 2325 1560 2364 ΒΡΤ
1599 2321 1797 2366 decedat
1826 2326 1868 2365 Η
1890 2323 1906 2380 11

218 2385 276 2424 24
293 2381 365 2424 est
380 2378 568 2424 domina
583 2382 626 2421 Η
652 2380 659 2434 1
685 2378 784 2422 ulla
799 2382 859 2421 H:
885 2379 970 2423 illa
987 2383 1017 2421 0
1041 2382 1057 2436 11
1081 2383 1136 2423 25
1155 2380 1256 2437 aut]
1277 2393 1331 2425 ac
1354 2384 1471 2423 Bmo
1498 2380 1602 2423 etH
1623 2381 1640 2437 11
1663 2385 1719 2425 26
1739 2382 1907 2426 thauro

217 2443 259 2481 11
297 2440 311 2494 11
350 2443 404 2483 27
442 2451 600 2482 aurem
630 2442 694 2480 M:
743 2451 854 2481 aure
884 2442 1002 2480 ΒΡΤ
1047 2451 1181 2483 aures
1212 2443 1254 2481 Η
1300 2439 1347 2495 (Γ
1379 2453 1462 2483 uro
1493 2443 1526 2481 B
1557 2453 1642 2496 my.
1674 2453 1731 2485 m.
1764 2442 1867 2495 rec.)
1892 2441 1908 2498 11

218 2503 276 2542 28
307 2499 539 2545 thaureH
565 2498 572 2552 1
601 2498 650 2540 31·,
678 2510 824 2552 supra
854 2497 935 2541 lin.
961 2513 992 2540 n·
1011 2498 1027 2553 11
1051 2502 1105 2542 29
1137 2497 1318 2542 Vacula
1340 2502 1404 2553 113
1436 2498 1615 2542 Bucula
1644 2498 1870 2543 Heinsius
1897 2503 1901 2556 1

219 2557 410 2612 captant
439 2571 467 2598 n
489 2557 505 2611 11
529 2561 583 2600 31
616 2556 653 2599 Ε
688 2557 840 2600 littera
871 2557 1088 2601 distincta
1118 2558 1170 2601 in
1199 2561 1275 2600 BP
1303 2557 1562 2614 '‘hedomm
1590 2561 1677 2599 ΠΡ
1714 2558 1907 2603 edorum
1991 2571 1992 2613 ;

218 2619 261 2657 11
288 2619 294 2668 1
321 2615 459 2674 beate
481 2618 514 2656 Β
539 2615 675 2659 beate
701 2628 858 2660 errans
882 2619 923 2658 Η
945 2617 961 2672 11
985 2620 1040 2659 32
1065 2618 1410 2673 praeruptaque
1432 2631 1461 2659 n
1485 2618 1567 2673 (sic
1588 2616 1906 2671 Burmannus,
1991 2620 1992 2624 ’

219 2675 300 2731 qui
331 2677 372 2718 et
400 2686 610 2729 pererras
641 2675 885 2731 inutiliter)
930 2676 936 2730 1
976 2689 1060 2731 per
1091 2676 1260 2720 herbas
1291 2679 1333 2718 H
1362 2677 1378 2732 11
1408 2681 1463 2720 33
1497 2674 1647 2732 siluis]
1689 2675 1727 2720 si
1758 2676 1831 2720 uis
1862 2680 1908 2718 Μ

220 2734 291 2787 (in
314 2746 335 2776 ο
368 2746 423 2776 ex
454 2732 584 2776 siluis
614 2733 746 2788 corr.)
775 2734 781 2788 1
809 2733 1048 2778 fastiditur
1069 2737 1136 2789 11;
1167 2734 1314 2778 fastus
1345 2734 1466 2778 adiri
1495 2735 1568 2778 uel
1597 2733 1668 2778 fas
1693 2734 1756 2778 sit
1778 2735 1906 2779 adire

218 2792 444 2836 Heinsius
465 2791 613 2835 fastus
639 2792 767 2835 adire
793 2792 1094 2838 Burmannus
1116 2793 1347 2851 uestigare
1374 2794 1563 2850 Maelily
1586 2795 1602 2848 11
1626 2798 1682 2836 34
1707 2794 1799 2838 lete
1825 2798 1866 2836 11
1896 2794 1900 2851 1

222 2851 399 2907 capelle
430 2853 473 2892 Η
503 2864 558 2895 m.
591 2854 617 2893 1
647 2851 653 2903 1
681 2852 752 2895 est
784 2865 865 2897 om.
898 2853 1057 2908 Η1135
1091 2853 1369 2910 quicumque
1401 2853 1496 2898 edd.
1531 2857 1650 2896 ant:
1685 2867 1905 2908 quocum-

222 2923 311 2966 que
346 2913 376 2951 0
410 2909 590 2967 (quode.
625 2911 664 2965 ο)
