<?xml version="1.0" encoding="UTF-8"?>
<!DOCTYPE html PUBLIC "-//W3C//DTD XHTML 1.0 Transitional//EN"
    "http://www.w3.org/TR/xhtml1/DTD/xhtml1-transitional.dtd">
<html xmlns="http://www.w3.org/1999/xhtml" xml:lang="en" lang="en">
 <head>
  <title>
</title>
<meta http-equiv="Content-Type" content="text/html;charset=utf-8" />
  <meta name='ocr-system' content='tesseract 3.04.00' />
  <meta name='ocr-capabilities' content='ocr_page ocr_carea ocr_par ocr_line ocrx_word'/>
</head>
<body>
  <div class='ocr_page' id='page_1' title='image "./poetaelatinimino02baehuoft_0045.png"; bbox 0 0 1992 3238; ppageno 0'>
   <div class='ocr_carea' id='block_1_1' title="bbox 751 205 1794 260">
    <p class='ocr_par' dir='ltr' id='par_1_1' title="bbox 751 205 1794 260">
     <span class='ocr_line' id='line_1_1' title="bbox 751 205 1794 260; baseline 0.011 -11"><span class='ocrx_word' id='word_1_1' title='bbox 751 205 1144 252; x_wconf 84' lang='lat' dir='ltr'><strong>VERGILIANA.</strong></span> <span class='ocrx_word' id='word_1_2' title='bbox 1724 208 1794 260; x_wconf 85' lang='grc'>41</span> 
     </span>
    </p>
   </div>
   <div class='ocr_carea' id='block_1_2' title="bbox 109 339 1802 702">
    <p class='ocr_par' dir='ltr' id='par_1_2' title="bbox 109 339 1802 702">
     <span class='ocr_line' id='line_1_2' title="bbox 110 339 1801 410; baseline 0.001 -16"><span class='ocrx_word' id='word_1_3' title='bbox 110 359 300 394; x_wconf 88' lang='lat' dir='ltr'>uersus</span> <span class='ocrx_word' id='word_1_4' title='bbox 334 340 415 392; x_wconf 91' lang='lat' dir='ltr'>illi</span> <span class='ocrx_word' id='word_1_5' title='bbox 455 342 709 408; x_wconf 89' lang='lat' dir='ltr'>quattuor</span> <span class='ocrx_word' id='word_1_6' title='bbox 746 339 924 392; x_wconf 90' lang='lat' dir='ltr'>medio</span> <span class='ocrx_word' id='word_1_7' title='bbox 956 341 1180 393; x_wconf 82' lang='lat' dir='ltr'>carmini</span> <span class='ocrx_word' id='word_1_8' title='bbox 1212 341 1246 394; x_wconf 83' lang='lat'>5</span> <span class='ocrx_word' id='word_1_9' title='bbox 1278 341 1456 410; x_wconf 87' lang='lat' dir='ltr'>illapsi</span> <span class='ocrx_word' id='word_1_10' title='bbox 1493 341 1801 410; x_wconf 87' lang='lat' dir='ltr'>pertineant</span> 
     </span>
     <span class='ocr_line' id='line_1_3' title="bbox 111 412 1800 483; baseline 0.001 -16"><span class='ocrx_word' id='word_1_11' title='bbox 111 414 180 467; x_wconf 88' lang='lat' dir='ltr'>ad</span> <span class='ocrx_word' id='word_1_12' title='bbox 211 414 543 483; x_wconf 83' lang='lat' dir='ltr'>epigramma</span> <span class='ocrx_word' id='word_1_13' title='bbox 566 412 782 481; x_wconf 86' lang='lat' dir='ltr'>aliquod</span> <span class='ocrx_word' id='word_1_14' title='bbox 815 412 1004 481; x_wconf 91' lang='lat' dir='ltr'>quinto</span> <span class='ocrx_word' id='word_1_15' title='bbox 1038 414 1151 465; x_wconf 87' lang='lat' dir='ltr'>siue</span> <span class='ocrx_word' id='word_1_16' title='bbox 1182 415 1504 482; x_wconf 90' lang='lat' dir='ltr'>praecedens</span> <span class='ocrx_word' id='word_1_17' title='bbox 1537 416 1652 468; x_wconf 88' lang='lat' dir='ltr'>siue</span> <span class='ocrx_word' id='word_1_18' title='bbox 1677 416 1800 468; x_wconf 90' lang='lat' dir='ltr'>sub-</span> 
     </span>
     <span class='ocr_line' id='line_1_4' title="bbox 112 486 1801 555; baseline 0.002 -16"><span class='ocrx_word' id='word_1_19' title='bbox 112 504 353 555; x_wconf 81' lang='lat' dir='ltr'>sequens,</span> <span class='ocrx_word' id='word_1_20' title='bbox 416 486 507 539; x_wconf 88' lang='lat' dir='ltr'>sed</span> <span class='ocrx_word' id='word_1_21' title='bbox 547 486 789 539; x_wconf 89' lang='lat' dir='ltr'>carmina</span> <span class='ocrx_word' id='word_1_22' title='bbox 827 488 1075 554; x_wconf 89' lang='lat' dir='ltr'>quartum</span> <span class='ocrx_word' id='word_1_23' title='bbox 1108 489 1161 538; x_wconf 90' lang='lat' dir='ltr'>et</span> <span class='ocrx_word' id='word_1_24' title='bbox 1193 490 1402 540; x_wconf 84' lang='lat' dir='ltr'>sextum</span> <span class='ocrx_word' id='word_1_25' title='bbox 1434 506 1554 541; x_wconf 92' lang='lat' dir='ltr'>cum</span> <span class='ocrx_word' id='word_1_26' title='bbox 1594 488 1801 542; x_wconf 86' lang='lat' dir='ltr'>addita-</span> 
     </span>
     <span class='ocr_line' id='line_1_5' title="bbox 109 559 1802 629; baseline 0.002 -17"><span class='ocrx_word' id='word_1_27' title='bbox 109 562 294 613; x_wconf 90' lang='lat' dir='ltr'>mento</span> <span class='ocrx_word' id='word_1_28' title='bbox 326 560 546 612; x_wconf 90' lang='lat' dir='ltr'>minime</span> <span class='ocrx_word' id='word_1_29' title='bbox 576 559 871 628; x_wconf 78' lang='lat' dir='ltr'>indigeant,</span> <span class='ocrx_word' id='word_1_30' title='bbox 901 577 1012 612; x_wconf 91' lang='lat' dir='ltr'>non</span> <span class='ocrx_word' id='word_1_31' title='bbox 1043 577 1149 612; x_wconf 91' lang='lat' dir='ltr'>uno</span> <span class='ocrx_word' id='word_1_32' title='bbox 1178 561 1395 613; x_wconf 89' lang='lat' dir='ltr'>nomine</span> <span class='ocrx_word' id='word_1_33' title='bbox 1428 562 1802 629; x_wconf 88' lang='lat' dir='ltr'>imperfectum</span> 
     </span>
     <span class='ocr_line' id='line_1_6' title="bbox 110 631 1402 702; baseline 0.001 -17"><span class='ocrx_word' id='word_1_34' title='bbox 110 651 168 686; x_wconf 87' lang='lat' dir='ltr'>se</span> <span class='ocrx_word' id='word_1_35' title='bbox 205 633 483 702; x_wconf 60' lang='lat' dir='ltr'>prodit‘id</span> <span class='ocrx_word' id='word_1_36' title='bbox 522 631 666 702; x_wconf 89' lang='lat' dir='ltr'>quod</span> <span class='ocrx_word' id='word_1_37' title='bbox 703 634 786 684; x_wconf 91' lang='lat' dir='ltr'>est</span> <span class='ocrx_word' id='word_1_38' title='bbox 823 635 1076 701; x_wconf 89' lang='lat' dir='ltr'>quartum</span> <span class='ocrx_word' id='word_1_39' title='bbox 1115 633 1402 686; x_wconf 89' lang='lat' dir='ltr'>decimum:</span> 
     </span>
    </p>
   </div>
   <div class='ocr_carea' id='block_1_3' title="bbox 176 734 1802 1317">
    <p class='ocr_par' dir='ltr' id='par_1_3' title="bbox 184 734 1567 876">
     <span class='ocr_line' id='line_1_7' title="bbox 184 734 1567 804; baseline 0.001 -17"><span class='ocrx_word' id='word_1_40' title='bbox 184 737 301 802; x_wconf 78' lang='lat' dir='ltr'>quis</span> <span class='ocrx_word' id='word_1_41' title='bbox 338 737 460 788; x_wconf 80' lang='lat' dir='ltr'>deus</span> <span class='ocrx_word' id='word_1_42' title='bbox 465 777 480 804; x_wconf 94' lang='lat'>,</span> <span class='ocrx_word' id='word_1_43' title='bbox 522 734 723 802; x_wconf 75' lang='lat' dir='ltr'>Octaui,</span> <span class='ocrx_word' id='word_1_44' title='bbox 762 739 808 787; x_wconf 79' lang='lat' dir='ltr'>te</span> <span class='ocrx_word' id='word_1_45' title='bbox 844 735 991 788; x_wconf 82' lang='lat' dir='ltr'>nobis</span> <span class='ocrx_word' id='word_1_46' title='bbox 1028 735 1275 788; x_wconf 71' lang='lat' dir='ltr'>abstulit?</span> <span class='ocrx_word' id='word_1_47' title='bbox 1330 753 1402 788; x_wconf 80' lang='lat' dir='ltr'>au</span> <span class='ocrx_word' id='word_1_48' title='bbox 1438 754 1567 804; x_wconf 79' lang='lat' dir='ltr'>quae</span> 
     </span>
     <span class='ocr_line' id='line_1_8' title="bbox 260 809 1372 876; baseline 0 -15"><span class='ocrx_word' id='word_1_49' title='bbox 260 809 458 873; x_wconf 77' lang='lat' dir='ltr'>dieunt,</span> <span class='ocrx_word' id='word_1_50' title='bbox 495 826 551 876; x_wconf 93' lang='lat' dir='ltr'>a,</span> <span class='ocrx_word' id='word_1_51' title='bbox 588 810 751 861; x_wconf 79' lang='lat' dir='ltr'>uimio</span> <span class='ocrx_word' id='word_1_52' title='bbox 782 809 970 875; x_wconf 76' lang='lat' dir='ltr'>pocula</span> <span class='ocrx_word' id='word_1_53' title='bbox 1007 810 1159 861; x_wconf 76' lang='lat' dir='ltr'>ducta</span> <span class='ocrx_word' id='word_1_54' title='bbox 1195 809 1372 861; x_wconf 75' lang='lat' dir='ltr'>mero?</span> 
     </span>
    </p>

    <p class='ocr_par' dir='ltr' id='par_1_4' title="bbox 185 880 1743 1023">
     <span class='ocr_line' id='line_1_9' title="bbox 185 880 1743 950; baseline 0 -16"><span class='ocrx_word' id='word_1_55' title='bbox 185 880 487 945; x_wconf 76' lang='lat' dir='ltr'>‘uobiscum‚</span> <span class='ocrx_word' id='word_1_56' title='bbox 525 882 574 934; x_wconf 81' lang='lat' dir='ltr'>si</span> <span class='ocrx_word' id='word_1_57' title='bbox 610 885 684 935; x_wconf 80' lang='lat' dir='ltr'>est</span> <span class='ocrx_word' id='word_1_58' title='bbox 718 883 889 950; x_wconf 74' lang='lat' dir='ltr'>culpa,</span> <span class='ocrx_word' id='word_1_59' title='bbox 929 882 1056 935; x_wconf 83' lang='lat' dir='ltr'>bibi:</span> <span class='ocrx_word' id='word_1_60' title='bbox 1094 899 1192 935; x_wconf 83' lang='lat' dir='ltr'>sua</span> <span class='ocrx_word' id='word_1_61' title='bbox 1228 899 1469 950; x_wconf 78' lang='lat' dir='ltr'>quemque</span> <span class='ocrx_word' id='word_1_62' title='bbox 1505 887 1743 936; x_wconf 76' lang='lat' dir='ltr'>secuntur</span> 
     </span>
     <span class='ocr_line' id='line_1_10' title="bbox 255 955 1551 1023; baseline 0.001 -16"><span class='ocrx_word' id='word_1_63' title='bbox 255 955 400 1021; x_wconf 77' lang='lat' dir='ltr'>fata:</span> <span class='ocrx_word' id='word_1_64' title='bbox 439 956 566 1023; x_wconf 81' lang='lat' dir='ltr'>quid</span> <span class='ocrx_word' id='word_1_65' title='bbox 602 957 832 1008; x_wconf 70' lang='lat' dir='ltr'>inmeriti</span> <span class='ocrx_word' id='word_1_66' title='bbox 870 957 1062 1008; x_wconf 73' lang='lat' dir='ltr'>crimen</span> <span class='ocrx_word' id='word_1_67' title='bbox 1098 955 1283 1008; x_wconf 80' lang='lat' dir='ltr'>habeut</span> <span class='ocrx_word' id='word_1_68' title='bbox 1318 955 1488 1023; x_wconf 74' lang='lat' dir='ltr'>cyathi</span> <span class='ocrx_word' id='word_1_69' title='bbox 1496 955 1551 1008; x_wconf 59' lang='grc' dir='ltr'>,θ’</span> 
     </span>
    </p>

    <p class='ocr_par' dir='ltr' id='par_1_5' title="bbox 184 1029 1802 1170">
     <span class='ocr_line' id='line_1_11' title="bbox 184 1029 1802 1096; baseline -0.001 -14"><span class='ocrx_word' id='word_1_70' title='bbox 184 1030 378 1096; x_wconf 75' lang='lat' dir='ltr'>scripta</span> <span class='ocrx_word' id='word_1_71' title='bbox 416 1029 618 1096; x_wconf 77' lang='lat' dir='ltr'>quidem</span> <span class='ocrx_word' id='word_1_72' title='bbox 657 1033 746 1081; x_wconf 78' lang='lat' dir='ltr'>tua</span> <span class='ocrx_word' id='word_1_73' title='bbox 784 1045 879 1081; x_wconf 78' lang='lat' dir='ltr'>nos</span> <span class='ocrx_word' id='word_1_74' title='bbox 915 1030 1136 1082; x_wconf 79' lang='lat' dir='ltr'>multum</span> <span class='ocrx_word' id='word_1_75' title='bbox 1173 1029 1484 1082; x_wconf 76' lang='lat' dir='ltr'>mirabimur</span> <span class='ocrx_word' id='word_1_76' title='bbox 1522 1034 1569 1082; x_wconf 76' lang='lat' dir='ltr'>et</span> <span class='ocrx_word' id='word_1_77' title='bbox 1606 1034 1651 1083; x_wconf 76' lang='lat' dir='ltr'>te</span> <span class='ocrx_word' id='word_1_78' title='bbox 1774 1042 1802 1081; x_wconf 88' lang='lat'>5</span> 
     </span>
     <span class='ocr_line' id='line_1_12' title="bbox 256 1102 1461 1170; baseline 0.001 -16"><span class='ocrx_word' id='word_1_79' title='bbox 256 1106 466 1169; x_wconf 75' lang='lat' dir='ltr'>raptum</span> <span class='ocrx_word' id='word_1_80' title='bbox 502 1106 551 1154; x_wconf 79' lang='lat' dir='ltr'>et</span> <span class='ocrx_word' id='word_1_81' title='bbox 585 1118 859 1155; x_wconf 74' lang='lat' dir='ltr'>romariam</span> <span class='ocrx_word' id='word_1_82' title='bbox 895 1102 1128 1170; x_wconf 78' lang='lat' dir='ltr'>flebimus</span> <span class='ocrx_word' id='word_1_83' title='bbox 1164 1102 1461 1166; x_wconf 79' lang='lat' dir='ltr'>historiam,·</span> 
     </span>
    </p>

    <p class='ocr_par' dir='ltr' id='par_1_6' title="bbox 176 1176 1442 1317">
     <span class='ocr_line' id='line_1_13' title="bbox 176 1176 1433 1244; baseline 0 -16"><span class='ocrx_word' id='word_1_84' title='bbox 176 1176 265 1228; x_wconf 81' lang='lat' dir='ltr'>sed</span> <span class='ocrx_word' id='word_1_85' title='bbox 301 1180 357 1228; x_wconf 77' lang='lat' dir='ltr'>tu</span> <span class='ocrx_word' id='word_1_86' title='bbox 394 1176 572 1228; x_wconf 76' lang='lat' dir='ltr'>nullus</span> <span class='ocrx_word' id='word_1_87' title='bbox 610 1177 724 1228; x_wconf 78' lang='lat' dir='ltr'>eriS.</span> <span class='ocrx_word' id='word_1_88' title='bbox 777 1177 1013 1243; x_wconf 74' lang='lat' dir='ltr'>peruersi</span> <span class='ocrx_word' id='word_1_89' title='bbox 1050 1177 1199 1229; x_wconf 73' lang='lat' dir='ltr'>dicite</span> <span class='ocrx_word' id='word_1_90' title='bbox 1235 1193 1433 1244; x_wconf 79' lang='lat' dir='ltr'>manes,</span> 
     </span>
     <span class='ocr_line' id='line_1_14' title="bbox 257 1248 1442 1317; baseline 0.001 -16"><span class='ocrx_word' id='word_1_91' title='bbox 257 1248 391 1302; x_wconf 77' lang='lat' dir='ltr'>huuc</span> <span class='ocrx_word' id='word_1_92' title='bbox 427 1266 683 1316; x_wconf 74' lang='lat' dir='ltr'>superesse</span> <span class='ocrx_word' id='word_1_93' title='bbox 709 1251 860 1317; x_wconf 72' lang='lat' dir='ltr'>patri</span> <span class='ocrx_word' id='word_1_94' title='bbox 894 1267 1023 1317; x_wconf 81' lang='lat' dir='ltr'>quae</span> <span class='ocrx_word' id='word_1_95' title='bbox 1056 1250 1164 1316; x_wconf 73' lang='lat' dir='ltr'>fuit</span> <span class='ocrx_word' id='word_1_96' title='bbox 1202 1250 1442 1303; x_wconf 75' lang='lat' dir='ltr'>inuidia?</span> 
     </span>
    </p>
   </div>
   <div class='ocr_carea' id='block_1_4' title="bbox 107 1365 1807 2979">
    <p class='ocr_par' dir='ltr' id='par_1_7' title="bbox 107 1365 1807 2022">
     <span class='ocr_line' id='line_1_15' title="bbox 111 1365 1805 1437; baseline 0.002 -20"><span class='ocrx_word' id='word_1_97' title='bbox 111 1365 368 1420; x_wconf 73' lang='lat' dir='ltr'>disseruit</span> <span class='ocrx_word' id='word_1_98' title='bbox 399 1367 463 1418; x_wconf 87' lang='lat' dir='ltr'>de</span> <span class='ocrx_word' id='word_1_99' title='bbox 494 1367 581 1419; x_wconf 92' lang='lat' dir='ltr'>his</span> <span class='ocrx_word' id='word_1_100' title='bbox 614 1367 861 1419; x_wconf 89' lang='lat' dir='ltr'>uersibus</span> <span class='ocrx_word' id='word_1_101' title='bbox 892 1366 1186 1420; x_wconf 86' lang='lat' dir='ltr'>Mauricius</span> <span class='ocrx_word' id='word_1_102' title='bbox 1209 1367 1484 1435; x_wconf 89' lang='lat' dir='ltr'>Hauptius</span> <span class='ocrx_word' id='word_1_103' title='bbox 1516 1366 1722 1437; x_wconf 89' lang='lat' dir='ltr'>(opusc.</span> <span class='ocrx_word' id='word_1_104' title='bbox 1745 1367 1805 1420; x_wconf 92' lang='lat' dir='ltr'>II</span> 
     </span>
     <span class='ocr_line' id='line_1_16' title="bbox 107 1437 1803 1510; baseline 0.002 -19"><span class='ocrx_word' id='word_1_105' title='bbox 107 1457 160 1508; x_wconf 89' lang='lat' dir='ltr'>p.</span> <span class='ocrx_word' id='word_1_106' title='bbox 188 1437 334 1509; x_wconf 84' lang='lat'>147),</span> <span class='ocrx_word' id='word_1_107' title='bbox 358 1440 451 1508; x_wconf 91' lang='lat' dir='ltr'>qui</span> <span class='ocrx_word' id='word_1_108' title='bbox 475 1443 787 1508; x_wconf 89' lang='lat' dir='ltr'>comparato</span> <span class='ocrx_word' id='word_1_109' title='bbox 813 1438 1132 1493; x_wconf 84' lang='lat' dir='ltr'>Callimachi</span> <span class='ocrx_word' id='word_1_110' title='bbox 1157 1441 1544 1510; x_wconf 77' lang='lat' dir='ltr'>epigrammate</span> <span class='ocrx_word' id='word_1_111' title='bbox 1570 1441 1803 1509; x_wconf 87' lang='lat' dir='ltr'>quodam</span> 
     </span>
     <span class='ocr_line' id='line_1_17' title="bbox 109 1512 1806 1582; baseline 0.001 -17"><span class='ocrx_word' id='word_1_112' title='bbox 109 1513 339 1565; x_wconf 89' lang='lat' dir='ltr'>alterum</span> <span class='ocrx_word' id='word_1_113' title='bbox 365 1513 637 1566; x_wconf 88' lang='lat' dir='ltr'>distichon</span> <span class='ocrx_word' id='word_1_114' title='bbox 657 1512 883 1566; x_wconf 90' lang='lat' dir='ltr'>Octauio</span> <span class='ocrx_word' id='word_1_115' title='bbox 907 1512 1252 1566; x_wconf 88' lang='lat' dir='ltr'>tribuendum</span> <span class='ocrx_word' id='word_1_116' title='bbox 1278 1532 1394 1566; x_wconf 89' lang='lat' dir='ltr'>esse</span> <span class='ocrx_word' id='word_1_117' title='bbox 1418 1517 1561 1566; x_wconf 88' lang='lat' dir='ltr'>recte</span> <span class='ocrx_word' id='word_1_118' title='bbox 1586 1514 1806 1582; x_wconf 87' lang='lat' dir='ltr'>quidem</span> 
     </span>
     <span class='ocr_line' id='line_1_18' title="bbox 111 1586 1805 1656; baseline 0.001 -18"><span class='ocrx_word' id='word_1_119' title='bbox 111 1586 401 1655; x_wconf 84' lang='lat' dir='ltr'>intellexit,</span> <span class='ocrx_word' id='word_1_120' title='bbox 444 1586 582 1638; x_wconf 90' lang='lat' dir='ltr'>nihil</span> <span class='ocrx_word' id='word_1_121' title='bbox 620 1589 804 1639; x_wconf 90' lang='lat' dir='ltr'>tamen</span> <span class='ocrx_word' id='word_1_122' title='bbox 842 1586 906 1639; x_wconf 92' lang='lat' dir='ltr'>de</span> <span class='ocrx_word' id='word_1_123' title='bbox 944 1604 1134 1639; x_wconf 89' lang='lat' dir='ltr'>manco</span> <span class='ocrx_word' id='word_1_124' title='bbox 1176 1590 1337 1656; x_wconf 88' lang='lat' dir='ltr'>atque</span> <span class='ocrx_word' id='word_1_125' title='bbox 1381 1588 1613 1656; x_wconf 87' lang='lat' dir='ltr'>abrupto</span> <span class='ocrx_word' id='word_1_126' title='bbox 1653 1588 1805 1640; x_wconf 87' lang='lat' dir='ltr'>exitu</span> 
     </span>
     <span class='ocr_line' id='line_1_19' title="bbox 110 1659 1805 1730; baseline 0 -18"><span class='ocrx_word' id='word_1_127' title='bbox 110 1660 418 1728; x_wconf 88' lang='lat' dir='ltr'>suspicatus</span> <span class='ocrx_word' id='word_1_128' title='bbox 459 1663 554 1712; x_wconf 82' lang='lat' dir='ltr'>est.</span> <span class='ocrx_word' id='word_1_129' title='bbox 615 1663 904 1729; x_wconf 88' lang='lat' dir='ltr'>postquam</span> <span class='ocrx_word' id='word_1_130' title='bbox 946 1663 1124 1712; x_wconf 91' lang='lat' dir='ltr'>autem</span> <span class='ocrx_word' id='word_1_131' title='bbox 1164 1659 1422 1713; x_wconf 92' lang='lat' dir='ltr'>Octauius</span> <span class='ocrx_word' id='word_1_132' title='bbox 1460 1661 1630 1730; x_wconf 88' lang='lat' dir='ltr'>priori</span> <span class='ocrx_word' id='word_1_133' title='bbox 1670 1661 1805 1713; x_wconf 89' lang='lat' dir='ltr'>ami-</span> 
     </span>
     <span class='ocr_line' id='line_1_20' title="bbox 108 1733 1802 1803; baseline 0 -17"><span class='ocrx_word' id='word_1_134' title='bbox 108 1750 297 1786; x_wconf 90' lang='lat' dir='ltr'>corum</span> <span class='ocrx_word' id='word_1_135' title='bbox 328 1733 744 1803; x_wconf 85' lang='lat' dir='ltr'>interrogationi</span> <span class='ocrx_word' id='word_1_136' title='bbox 776 1734 1012 1786; x_wconf 89' lang='lat' dir='ltr'>breuiter</span> <span class='ocrx_word' id='word_1_137' title='bbox 1041 1735 1334 1803; x_wconf 87' lang='lat' dir='ltr'>respondit,</span> <span class='ocrx_word' id='word_1_138' title='bbox 1371 1735 1479 1787; x_wconf 91' lang='lat' dir='ltr'>iam</span> <span class='ocrx_word' id='word_1_139' title='bbox 1512 1735 1681 1787; x_wconf 90' lang='lat' dir='ltr'>altera</span> <span class='ocrx_word' id='word_1_140' title='bbox 1717 1752 1802 1787; x_wconf 89' lang='lat' dir='ltr'>ea-</span> 
     </span>
     <span class='ocr_line' id='line_1_21' title="bbox 109 1807 1806 1877; baseline 0 -18"><span class='ocrx_word' id='word_1_141' title='bbox 109 1824 214 1876; x_wconf 88' lang='lat' dir='ltr'>que</span> <span class='ocrx_word' id='word_1_142' title='bbox 259 1807 430 1861; x_wconf 92' lang='lat' dir='ltr'>multo</span> <span class='ocrx_word' id='word_1_143' title='bbox 479 1807 699 1877; x_wconf 89' lang='lat' dir='ltr'>grauior</span> <span class='ocrx_word' id='word_1_144' title='bbox 743 1807 987 1877; x_wconf 88' lang='lat' dir='ltr'>quaestio</span> <span class='ocrx_word' id='word_1_145' title='bbox 1038 1807 1152 1860; x_wconf 87' lang='lat' dir='ltr'>siue</span> <span class='ocrx_word' id='word_1_146' title='bbox 1201 1808 1373 1860; x_wconf 90' lang='lat' dir='ltr'>eidem</span> <span class='ocrx_word' id='word_1_147' title='bbox 1412 1807 1641 1862; x_wconf 90' lang='lat' dir='ltr'>Octauio</span> <span class='ocrx_word' id='word_1_148' title='bbox 1690 1808 1806 1860; x_wconf 90' lang='lat' dir='ltr'>siue</span> 
     </span>
     <span class='ocr_line' id='line_1_22' title="bbox 110 1880 1807 1951; baseline 0 -19"><span class='ocrx_word' id='word_1_149' title='bbox 110 1880 378 1948; x_wconf 87' lang='lat' dir='ltr'>peruersis</span> <span class='ocrx_word' id='word_1_150' title='bbox 404 1881 498 1949; x_wconf 92' lang='lat' dir='ltr'>qui</span> <span class='ocrx_word' id='word_1_151' title='bbox 520 1883 782 1934; x_wconf 91' lang='lat' dir='ltr'>uocantur</span> <span class='ocrx_word' id='word_1_152' title='bbox 812 1881 1060 1934; x_wconf 91' lang='lat' dir='ltr'>manibus</span> <span class='ocrx_word' id='word_1_153' title='bbox 1093 1881 1436 1934; x_wconf 88' lang='lat' dir='ltr'>dissoluenda</span> <span class='ocrx_word' id='word_1_154' title='bbox 1459 1886 1589 1934; x_wconf 87' lang='lat' dir='ltr'>erat.</span> <span class='ocrx_word' id='word_1_155' title='bbox 1635 1881 1807 1951; x_wconf 84' lang='lat' dir='ltr'>igitur</span> 
     </span>
     <span class='ocr_line' id='line_1_23' title="bbox 109 1953 776 2022; baseline 0.001 -17"><span class='ocrx_word' id='word_1_156' title='bbox 109 1953 274 2006; x_wconf 90' lang='lat' dir='ltr'>finem</span> <span class='ocrx_word' id='word_1_157' title='bbox 314 1953 500 2006; x_wconf 88' lang='lat' dir='ltr'>deesse</span> <span class='ocrx_word' id='word_1_158' title='bbox 539 1958 776 2022; x_wconf 88' lang='lat' dir='ltr'>apparet.</span> 
     </span>
    </p>

    <p class='ocr_par' dir='ltr' id='par_1_8' title="bbox 109 2025 1807 2979">
     <span class='ocr_line' id='line_1_24' title="bbox 261 2025 1803 2098; baseline 0 -18"><span class='ocrx_word' id='word_1_159' title='bbox 261 2025 363 2080; x_wconf 82' lang='lat' dir='ltr'>Sed</span> <span class='ocrx_word' id='word_1_160' title='bbox 389 2029 677 2096; x_wconf 85' lang='lat' dir='ltr'>antequam</span> <span class='ocrx_word' id='word_1_161' title='bbox 700 2028 990 2097; x_wconf 81' lang='lat' dir='ltr'>pergimuS,</span> <span class='ocrx_word' id='word_1_162' title='bbox 1016 2028 1294 2096; x_wconf 89' lang='lat' dir='ltr'>paululum</span> <span class='ocrx_word' id='word_1_163' title='bbox 1320 2028 1698 2098; x_wconf 87' lang='lat' dir='ltr'>epigrammati</span> <span class='ocrx_word' id='word_1_164' title='bbox 1720 2027 1803 2080; x_wconf 84' lang='lat' dir='ltr'>illi</span> 
     </span>
     <span class='ocr_line' id='line_1_25' title="bbox 109 2100 1804 2171; baseline 0.001 -19"><span class='ocrx_word' id='word_1_165' title='bbox 109 2100 512 2164; x_wconf 88' lang='lat' dir='ltr'>inhaereamus;</span> <span class='ocrx_word' id='word_1_166' title='bbox 544 2102 808 2154; x_wconf 90' lang='lat' dir='ltr'>nonnulla</span> <span class='ocrx_word' id='word_1_167' title='bbox 830 2103 973 2154; x_wconf 91' lang='lat' dir='ltr'>enim</span> <span class='ocrx_word' id='word_1_168' title='bbox 998 2102 1258 2154; x_wconf 88' lang='lat' dir='ltr'>medicam</span> <span class='ocrx_word' id='word_1_169' title='bbox 1290 2102 1544 2171; x_wconf 88' lang='lat' dir='ltr'>flagitant</span> <span class='ocrx_word' id='word_1_170' title='bbox 1567 2119 1804 2154; x_wconf 87' lang='lat' dir='ltr'>manum.</span> 
     </span>
     <span class='ocr_line' id='line_1_26' title="bbox 111 2174 1804 2244; baseline 0.002 -19"><span class='ocrx_word' id='word_1_171' title='bbox 111 2177 167 2225; x_wconf 88' lang='lat' dir='ltr'>ct</span> <span class='ocrx_word' id='word_1_172' title='bbox 203 2191 419 2226; x_wconf 89' lang='lat' dir='ltr'>uersum</span> <span class='ocrx_word' id='word_1_173' title='bbox 458 2174 674 2244; x_wconf 88' lang='lat' dir='ltr'>quidem</span> <span class='ocrx_word' id='word_1_174' title='bbox 714 2178 923 2228; x_wconf 86' lang='lat' dir='ltr'>sextum</span> <span class='ocrx_word' id='word_1_175' title='bbox 954 2175 1122 2244; x_wconf 89' lang='lat' dir='ltr'>siquis</span> <span class='ocrx_word' id='word_1_176' title='bbox 1157 2175 1485 2244; x_wconf 85' lang='lat' dir='ltr'>pertinacius</span> <span class='ocrx_word' id='word_1_177' title='bbox 1522 2174 1804 2228; x_wconf 87' lang='lat' dir='ltr'>defendere</span> 
     </span>
     <span class='ocr_line' id='line_1_27' title="bbox 113 2247 1803 2318; baseline 0.001 -20"><span class='ocrx_word' id='word_1_178' title='bbox 113 2247 352 2300; x_wconf 90' lang='lat' dir='ltr'>animum</span> <span class='ocrx_word' id='word_1_179' title='bbox 390 2247 623 2317; x_wconf 86' lang='lat' dir='ltr'>inducet,</span> <span class='ocrx_word' id='word_1_180' title='bbox 659 2266 771 2301; x_wconf 91' lang='lat' dir='ltr'>non</span> <span class='ocrx_word' id='word_1_181' title='bbox 796 2249 990 2301; x_wconf 89' lang='lat' dir='ltr'>acriter</span> <span class='ocrx_word' id='word_1_182' title='bbox 1026 2249 1365 2318; x_wconf 80' lang='lat' dir='ltr'>repugnab03</span> <span class='ocrx_word' id='word_1_183' title='bbox 1407 2248 1581 2301; x_wconf 91' lang='lat' dir='ltr'>dicam</span> <span class='ocrx_word' id='word_1_184' title='bbox 1617 2252 1803 2301; x_wconf 87' lang='lat' dir='ltr'>tamen</span> 
     </span>
     <span class='ocr_line' id='line_1_28' title="bbox 112 2319 1803 2391; baseline 0.001 -18"><span class='ocrx_word' id='word_1_185' title='bbox 112 2319 255 2387; x_wconf 87' lang='lat' dir='ltr'>quod</span> <span class='ocrx_word' id='word_1_186' title='bbox 288 2320 477 2373; x_wconf 81' lang='lat' dir='ltr'>sentio,</span> <span class='ocrx_word' id='word_1_187' title='bbox 529 2339 656 2374; x_wconf 88' lang='lat' dir='ltr'>nam</span> <span class='ocrx_word' id='word_1_188' title='bbox 680 2321 981 2390; x_wconf 90' lang='lat' dir='ltr'>Vergilium</span> <span class='ocrx_word' id='word_1_189' title='bbox 1015 2323 1090 2375; x_wconf 91' lang='lat' dir='ltr'>sic</span> <span class='ocrx_word' id='word_1_190' title='bbox 1122 2323 1303 2391; x_wconf 90' lang='lat' dir='ltr'>potius</span> <span class='ocrx_word' id='word_1_191' title='bbox 1337 2322 1616 2390; x_wconf 87' lang='lat' dir='ltr'>scripsisse</span> <span class='ocrx_word' id='word_1_192' title='bbox 1642 2324 1803 2390; x_wconf 89' lang='lat' dir='ltr'>puto:</span> 
     </span>
     <span class='ocr_line' id='line_1_29' title="bbox 109 2394 1803 2462; baseline 0.001 -17"><span class='ocrx_word' id='word_1_193' title='bbox 109 2397 160 2445; x_wconf 82' lang='lat' dir='ltr'>et</span> <span class='ocrx_word' id='word_1_194' title='bbox 181 2397 226 2445; x_wconf 77' lang='lat' dir='ltr'>te</span> <span class='ocrx_word' id='word_1_195' title='bbox 247 2397 455 2460; x_wconf 77' lang='lat' dir='ltr'>raptum</span> <span class='ocrx_word' id='word_1_196' title='bbox 486 2395 552 2447; x_wconf 92' lang='lat' dir='ltr'>ob</span> <span class='ocrx_word' id='word_1_197' title='bbox 581 2412 855 2449; x_wconf 76' lang='lat' dir='ltr'>romanam</span> <span class='ocrx_word' id='word_1_198' title='bbox 876 2396 1109 2462; x_wconf 75' lang='lat' dir='ltr'>flebimus</span> <span class='ocrx_word' id='word_1_199' title='bbox 1137 2396 1420 2450; x_wconf 74' lang='lat' dir='ltr'>historiam.</span> <span class='ocrx_word' id='word_1_200' title='bbox 1476 2394 1569 2447; x_wconf 91' lang='lat' dir='ltr'>sed</span> <span class='ocrx_word' id='word_1_201' title='bbox 1597 2395 1803 2447; x_wconf 86' lang='lat' dir='ltr'>maiore</span> 
     </span>
     <span class='ocr_line' id='line_1_30' title="bbox 111 2467 1799 2539; baseline 0.001 -21"><span class='ocrx_word' id='word_1_202' title='bbox 111 2483 232 2518; x_wconf 89' lang='lat' dir='ltr'>cum</span> <span class='ocrx_word' id='word_1_203' title='bbox 264 2467 649 2534; x_wconf 86' lang='lat' dir='ltr'>probabilitate</span> <span class='ocrx_word' id='word_1_204' title='bbox 681 2469 953 2538; x_wconf 89' lang='lat' dir='ltr'>disputare</span> <span class='ocrx_word' id='word_1_205' title='bbox 984 2487 1143 2539; x_wconf 88' lang='lat' dir='ltr'>posse</span> <span class='ocrx_word' id='word_1_206' title='bbox 1175 2469 1309 2521; x_wconf 93' lang='lat' dir='ltr'>mihi</span> <span class='ocrx_word' id='word_1_207' title='bbox 1340 2467 1526 2521; x_wconf 88' lang='lat' dir='ltr'>uideor</span> <span class='ocrx_word' id='word_1_208' title='bbox 1551 2469 1614 2520; x_wconf 91' lang='lat' dir='ltr'>de</span> <span class='ocrx_word' id='word_1_209' title='bbox 1639 2486 1799 2521; x_wconf 89' lang='lat' dir='ltr'>uersu</span> 
     </span>
     <span class='ocr_line' id='line_1_31' title="bbox 112 2540 1803 2610; baseline 0.001 -18"><span class='ocrx_word' id='word_1_210' title='bbox 112 2541 321 2609; x_wconf 88' lang='lat' dir='ltr'>octauo,</span> <span class='ocrx_word' id='word_1_211' title='bbox 352 2540 501 2593; x_wconf 89' lang='lat' dir='ltr'>cuius</span> <span class='ocrx_word' id='word_1_212' title='bbox 532 2541 906 2610; x_wconf 87' lang='lat' dir='ltr'>interpretatio</span> <span class='ocrx_word' id='word_1_213' title='bbox 938 2546 1085 2595; x_wconf 89' lang='lat' dir='ltr'>recta</span> <span class='ocrx_word' id='word_1_214' title='bbox 1119 2543 1291 2595; x_wconf 89' lang='lat' dir='ltr'>adhuc</span> <span class='ocrx_word' id='word_1_215' title='bbox 1323 2560 1434 2594; x_wconf 92' lang='lat' dir='ltr'>non</span> <span class='ocrx_word' id='word_1_216' title='bbox 1457 2546 1541 2595; x_wconf 89' lang='lat' dir='ltr'>est</span> <span class='ocrx_word' id='word_1_217' title='bbox 1571 2541 1803 2610; x_wconf 90' lang='lat' dir='ltr'>prolata</span> 
     </span>
     <span class='ocr_line' id='line_1_32' title="bbox 109 2613 1799 2685; baseline 0.001 -20"><span class='ocrx_word' id='word_1_218' title='bbox 109 2613 374 2681; x_wconf 88' lang='lat' dir='ltr'>repetitur</span> <span class='ocrx_word' id='word_1_219' title='bbox 412 2615 570 2683; x_wconf 89' lang='lat' dir='ltr'>enim,</span> <span class='ocrx_word' id='word_1_220' title='bbox 607 2614 716 2667; x_wconf 89' lang='lat' dir='ltr'>nisi</span> <span class='ocrx_word' id='word_1_221' title='bbox 754 2616 930 2685; x_wconf 90' lang='lat' dir='ltr'>fallor,</span> <span class='ocrx_word' id='word_1_222' title='bbox 970 2635 1002 2668; x_wconf 89' lang='lat' dir='ltr'>a</span> <span class='ocrx_word' id='word_1_223' title='bbox 1035 2616 1274 2668; x_wconf 90' lang='lat' dir='ltr'>numinis</span> <span class='ocrx_word' id='word_1_224' title='bbox 1313 2615 1536 2668; x_wconf 86' lang='lat' dir='ltr'>alicuius</span> <span class='ocrx_word' id='word_1_225' title='bbox 1577 2615 1799 2683; x_wconf 87' lang='lat' dir='ltr'>inuidia,</span> 
     </span>
     <span class='ocr_line' id='line_1_33' title="bbox 112 2686 1803 2758; baseline 0.001 -20"><span class='ocrx_word' id='word_1_226' title='bbox 112 2687 255 2755; x_wconf 89' lang='lat' dir='ltr'>quod</span> <span class='ocrx_word' id='word_1_227' title='bbox 281 2686 538 2740; x_wconf 87' lang='lat' dir='ltr'>Octauius</span> <span class='ocrx_word' id='word_1_228' title='bbox 562 2691 688 2741; x_wconf 88' lang='lat' dir='ltr'>ante</span> <span class='ocrx_word' id='word_1_229' title='bbox 711 2693 917 2757; x_wconf 88' lang='lat' dir='ltr'>patrem</span> <span class='ocrx_word' id='word_1_230' title='bbox 949 2707 1131 2742; x_wconf 89' lang='lat' dir='ltr'>senem</span> <span class='ocrx_word' id='word_1_231' title='bbox 1155 2707 1183 2741; x_wconf 90' lang='lat' dir='ltr'>e</span> <span class='ocrx_word' id='word_1_232' title='bbox 1207 2689 1347 2742; x_wconf 91' lang='lat' dir='ltr'>uiuis</span> <span class='ocrx_word' id='word_1_233' title='bbox 1376 2688 1606 2742; x_wconf 89' lang='lat' dir='ltr'>decessit</span> <span class='ocrx_word' id='word_1_234' title='bbox 1631 2686 1803 2758; x_wconf 87' lang='lat' dir='ltr'>(geni-</span> 
     </span>
     <span class='ocr_line' id='line_1_34' title="bbox 110 2760 1806 2833; baseline 0.002 -22"><span class='ocrx_word' id='word_1_235' title='bbox 110 2763 230 2812; x_wconf 88' lang='lat' dir='ltr'>tore</span> <span class='ocrx_word' id='word_1_236' title='bbox 271 2761 444 2814; x_wconf 91' lang='lat' dir='ltr'>adhuc</span> <span class='ocrx_word' id='word_1_237' title='bbox 482 2762 609 2814; x_wconf 89' lang='lat' dir='ltr'>uiuo</span> <span class='ocrx_word' id='word_1_238' title='bbox 641 2765 815 2815; x_wconf 90' lang='lat' dir='ltr'>morte</span> <span class='ocrx_word' id='word_1_239' title='bbox 853 2766 1198 2832; x_wconf 90' lang='lat' dir='ltr'>praematura</span> <span class='ocrx_word' id='word_1_240' title='bbox 1226 2765 1412 2832; x_wconf 85' lang='lat' dir='ltr'>raptus</span> <span class='ocrx_word' id='word_1_241' title='bbox 1446 2760 1568 2833; x_wconf 81' lang='lat' dir='ltr'>est).</span> <span class='ocrx_word' id='word_1_242' title='bbox 1621 2765 1806 2831; x_wconf 89' lang='lat' dir='ltr'>potest</span> 
     </span>
     <span class='ocr_line' id='line_1_35' title="bbox 117 2833 1807 2905; baseline 0.001 -20"><span class='ocrx_word' id='word_1_243' title='bbox 117 2833 333 2902; x_wconf 91' lang='lat' dir='ltr'>quidem</span> <span class='ocrx_word' id='word_1_244' title='bbox 356 2834 460 2888; x_wconf 93' lang='lat' dir='ltr'>hoc</span> <span class='ocrx_word' id='word_1_245' title='bbox 483 2836 671 2904; x_wconf 89' lang='lat' dir='ltr'>culpae</span> <span class='ocrx_word' id='word_1_246' title='bbox 703 2836 820 2889; x_wconf 91' lang='lat' dir='ltr'>dari</span> <span class='ocrx_word' id='word_1_247' title='bbox 844 2836 1019 2890; x_wconf 90' lang='lat' dir='ltr'>malis</span> <span class='ocrx_word' id='word_1_248' title='bbox 1042 2836 1278 2890; x_wconf 87' lang='lat' dir='ltr'>tenebris</span> <span class='ocrx_word' id='word_1_249' title='bbox 1303 2835 1441 2904; x_wconf 88' lang='lat' dir='ltr'>Orci,</span> <span class='ocrx_word' id='word_1_250' title='bbox 1464 2853 1598 2905; x_wconf 91' lang='lat' dir='ltr'>quae</span> <span class='ocrx_word' id='word_1_251' title='bbox 1624 2835 1807 2889; x_wconf 90' lang='lat' dir='ltr'>omnia</span> 
     </span>
     <span class='ocr_line' id='line_1_36' title="bbox 112 2906 1805 2979; baseline 0.002 -21"><span class='ocrx_word' id='word_1_252' title='bbox 112 2906 257 2959; x_wconf 89' lang='lat' dir='ltr'>bella</span> <span class='ocrx_word' id='word_1_253' title='bbox 289 2907 598 2961; x_wconf 81' lang='lat' dir='ltr'>deuorant&#39;·</span> <span class='ocrx_word' id='word_1_254' title='bbox 587 2929 599 2977; x_wconf 84' lang='lat'><em>3</em></span> <span class='ocrx_word' id='word_1_255' title='bbox 638 2908 731 2961; x_wconf 89' lang='lat' dir='ltr'>sed</span> <span class='ocrx_word' id='word_1_256' title='bbox 763 2928 1072 2979; x_wconf 87' lang='lat' dir='ltr'>quaenam</span> <span class='ocrx_word' id='word_1_257' title='bbox 1101 2910 1208 2964; x_wconf 85' lang='lat' dir='ltr'>ista</span> <span class='ocrx_word' id='word_1_258' title='bbox 1236 2909 1443 2963; x_wconf 89' lang='lat' dir='ltr'>inuidia</span> <span class='ocrx_word' id='word_1_259' title='bbox 1471 2909 1635 2962; x_wconf 87' lang='lat' dir='ltr'>fuerit</span> <span class='ocrx_word' id='word_1_260' title='bbox 1664 2909 1805 2962; x_wconf 89' lang='lat' dir='ltr'>male</span> 
     </span>
    </p>
   </div>
  </div>
 </body>
</html>
