1992 3238
825 191 881 236 V.
923 191 1090 238 CIRIS.
1696 195 1799 248 143

113 326 258 380 Nam
296 327 405 379 nisi
442 329 496 379 te
534 327 692 380 nobis
732 326 931 392 maIUS,
971 344 1002 379 o
1041 327 1241 397 maluS,
1281 329 1486 396 optima
1524 327 1737 398 Carme,

112 401 256 453 Ante
295 401 352 451 in
392 403 738 469 conspectum
777 416 1000 452 casusne
1039 400 1237 453 deusue
1276 403 1513 471 tulisset,

112 475 226 526 Aut
262 473 405 527 ferro
443 473 573 527 hoc'
614 472 814 545 (aperit
850 471 1052 524 ferrum
1092 474 1232 541 quod
1263 478 1412 528 ueste
1443 474 1671 546 latebat)
1714 490 1800 530 280

114 546 476 616 ‘Purpureum
514 547 685 617 patris
727 545 1078 614 dempsissem
1115 546 1314 600 uertice
1354 549 1555 601 crinem

112 619 227 673 Aut
266 620 401 673 mihi
438 621 713 689 praesenti
750 620 1080 689 peperissem
1117 620 1339 672 uulnere
1377 622 1585 675 letum'.

187 693 293 746 Vix
331 694 464 747 haec
505 694 765 763 ediderat,
805 712 926 746 cum
966 692 1114 745 clade
1156 693 1412 746 exterrita
1447 696 1593 747 tristi

111 767 343 820 Incanos
382 768 563 820 multo·
595 768 844 836 deturpat
881 768 1101 836 puluere
1142 767 1312 819 crines

110 839 186 893 Et
225 841 465 910 grauiter
505 844 696 911 questu
737 840 927 894 Carme
968 841 1268 909 complorat
1305 840 1460 893 anili:
1716 856 1799 896 285

113 913 185 966 ‘O
227 914 363 966 mihi
401 933 545 968 nunc
583 916 780 967 iterum
820 914 1049 967 crudelis
1088 913 1294 966 reddite
1333 913 1535 983 Minos,

111 986 156 1040 Ο
195 987 393 1040 i'oerum
429 991 648 1041 nosizrae
688 987 866 1041 Minos
906 988 1122 1040 inimice
1162 990 1428 1057 senectae,

31 1118 38 1126 ‚
112 1060 282 1123 Quem
319 1079 417 1129 per
457 1059 541 1131 (uk
579 1063 632 1115 a!
674 1062 805 1114 olim
843 1065 1006 1114 natae
1044 1065 1099 1113 te
1138 1064 1358 1130 propter
1397 1060 1646 1133 eundem)

58 1196 64 1198 ,
109 1133 271 1187 Hunc
310 1135 482 1187 Amor
518 1136 743 1188 insanae
781 1136 985 1188 luctum
1023 1135 1263 1202 portauit
1302 1135 1566 1188 alumnae!

110 1207 257 1260 Tene
297 1226 398 1278 ego
438 1211 551 1261 tam
589 1210 751 1278 longe
791 1210 1006 1277 captiua
1045 1210 1234 1260 auecta
1273 1209 1512 1278 nequiui‚
1715 1223 1799 1264 290

29 1291 31 1294 '
110 1281 245 1334 Tam
285 1299 449 1351 graue
490 1283 793 1351 seruitium,
832 1286 947 1335 tam
986 1282 1147 1334 duros
1185 1300 1347 1349 passa
1386 1282 1598 1336 labores
1609 1324 1622 1351 ‚

108 1354 384 1424 Effugere,
422 1358 484 1408 ut
524 1356 711 1409 sistam
751 1357 974 1409 exitium
1014 1354 1225 1408 crudele
1264 1360 1541 1410 meorum?

108 1428 226 1480 Iam
264 1429 374 1482 iam
412 1447 511 1482 nec
550 1429 709 1483 nobis
751 1448 919 1498 aequo
961 1429 1260 1482 senioribus
1301 1429 1471 1481 ullum

109 1501 309 1555 Viuere
347 1503 429 1555 uti
469 1504 682 1572 cupiam
722 1504 861 1556 uiuit
898 1520 1082 1572 genus.
1141 1504 1194 1555 a!
1235 1503 1363 1570 quid
1403 1519 1501 1571 ego
1545 1521 1725 1556 amens

230 1800 317 1839 278
358 1795 467 1852 nisi]
509 1796 559 1839 ni
596 1800 628 1837 L
678 1795 684 1850 Ι
734 1795 889 1839 malim
928 1795 1078 1839 malus
1118 1799 1166 1839 a!
1205 1795 1356 1838 malus
1406 1796 1414 1850 Ι
1464 1794 1650 1840 charme
1682 1799 1765 1838 AB.
1787 1796 1802 1854 Η

110 1859 195 1899 279
220 1855 342 1899 Ante
366 1853 415 1897 in
440 1867 597 1911 consp.
622 1854 1046 1898 Drakenborchius:
1077 1855 1202 1898 Ante
1232 1853 1342 1897 hinc
1374 1855 1465 1911 (uel
1487 1853 1615 1910 huic)
1642 1868 1800 1912 consp.

109 1917 152 1955 11
182 1914 306 1957 Ansse
338 1913 461 1956 hunc
494 1926 651 1969 consp.
685 1916 811 1955 ALR
850 1914 971 1956 Ante
1004 1914 1301 1970 expectatum
1339 1912 1544 1970 Scaliyer
1581 1913 1714 1957 Hunc
1752 1915 1802 1958 in

114 1985 266 2028 consp.
307 1985 386 2030 eqo
425 1973 595 2016 conieci
638 1974 654 2028 ΙΙ
699 1976 786 2016 280
819 1970 1003 2015 Auferri
1041 1973 1130 2016 hoc
1160 1977 1192 2014 L
1243 1974 1248 2028 Ι
1299 1971 1451 2028 operit
1480 1976 1519 2014 R
1557 1971 1703 2028 capiti
1731 1977 1763 2014 L
1792 1975 1797 2030 Ι

110 2031 220 2075 ferri
250 2035 283 2072 L
323 2031 338 2087 ΙΙ
377 2035 461 2075 281
495 2031 767 2075 demsissem
790 2034 832 2073 Η
870 2031 885 2087 ΙΙ
924 2034 1009 2074 282
1041 2030 1158 2074 mihi
1188 2030 1422 2088 praesenti
1453 2044 1535 2076 om.
1568 2035 1601 2072 L
1633 2032 1802 2075 lacuna

107 2091 268 2135 relicta
319 2092 324 2146 Ι
374 2089 522 2149 letum
553 2094 592 2132 R.
637 2091 652 2146 ΙΙ
699 2094 784 2134 283
817 2089 1029 2149 ediderat]
1058 2095 1098 2132 B.
1147 2091 1152 2145 Ι
1202 2088 1327 2133 tristi
1357 2090 1518 2146 uulqo:
1550 2089 1697 2133 tristis
1730 2094 1761 2132 0
1785 2090 1800 2148 Η

107 2153 195 2193 284
235 2149 430 2193 Incanos
471 2148 779 2193 Scheukelius:
835 2148 1047 2193 Intonsos
1087 2153 1117 2191 0
1172 2149 1406 2193 Incomtos
1448 2148 1672 2193 Heinsius
1725 2149 1800 2192 In-

15 2229 18 2232 ·
107 2208 306 2251 mundos
345 2208 418 2252 uel
457 2207 611 2252 Infuso
650 2208 924 2253 Ribbeckius
974 2209 979 2263 Ι
1027 2207 1238 2264 turpauit
1268 2212 1300 2249 L
1345 2208 1361 2264 ss
1406 2211 1492 2252 285
1526 2209 1694 2267 questu
1724 2213 1763 2250 R

109 2266 283 2311 carmie
318 2266 351 2322 (i
382 2269 627 2323 expuncta)
659 2271 701 2309 Η
741 2267 927 2311 charme
960 2269 1093 2311 ceteri
1121 2268 1136 2323 [Ι
1168 2272 1252 2311 287
1285 2266 1473 2323 iterum]
1505 2267 1701 2310 nimium
1731 2271 1763 2308 L

108 2329 196 2370 288
231 2325 378 2379 Quem
416 2340 500 2381 per
537 2327 592 2370 ui:
628 2341 656 2370 a
685 2327 869 2382 scriyosi:
911 2325 1103 2382 Semper
1135 2327 1215 2370 auh
1245 2329 1379 2367 ΑΗΒ.
1419 2325 1610 2381 Semper
1640 2326 1687 2369 et
1719 2328 1801 2369 aut

107 2389 177 2427 La
210 2384 402 2441 Semper
434 2386 485 2428 ut
516 2386 598 2428 auia
628 2384 913 2430 Schraderus
948 2387 955 2440 Ι
991 2385 1190 2428 eundum
1223 2400 1251 2426 a.
1281 2385 1296 2441 ΙΙ
1327 2388 1413 2428 289
1445 2384 1581 2428 Hunc
1612 2385 1800 2440 scripsi:

106 2444 245 2496 Haud
276 2447 318 2486 Η
349 2442 444 2487 Aut
475 2447 602 2486 ALB
637 2446 642 2500 Ι
676 2444 854 2488 luctum
886 2447 987 2486 HL:
1028 2444 1202 2488 lechum
1233 2447 1270 2485 A
1301 2444 1448 2502 letum
1478 2447 1517 2485 R
1551 2443 1557 2501 Ι
1590 2442 1801 2499 portauit

108 2507 160 2545 0:
209 2502 421 2559 portaret
455 2502 737 2547 Schrader-us
786 2507 791 2557 1
842 2503 1063 2559 alumpne
1095 2506 1132 2544 A
1177 2503 1192 2557 ss
1239 2506 1325 2546 290
1357 2515 1441 2546 om.
1472 2506 1505 2543 L
1554 2505 1562 2557 ι
1611 2500 1801 2558 captiua

111 2562 279 2606 auecta
308 2563 494 2618 scripsi:
530 2563 668 2618 capia
698 2563 840 2618 abque
872 2563 1037 2606 auecta
1063 2565 1093 2603 0
1127 2561 1342 2617 (aduecta
1365 2565 1402 2603 A
1432 2575 1488 2605 m.
1513 2565 1539 2604 1
1572 2561 1629 2616 Β)
1661 2562 1803 2616 rapta

109 2634 149 2666 a.
184 2635 225 2664 a.
259 2620 547 2666 Scheukelius
590 2622 606 2677 ΙΙ
653 2625 737 2665 292
770 2622 824 2664 ut
864 2620 1027 2664 sistam
1067 2620 1261 2663 exitium
1295 2620 1533 2664 Pithoeus:
1574 2618 1799 2663 obsistam

107 2678 300 2723 exitium
333 2679 513 2736 (-cium)
545 2683 681 2722 AER
721 2678 913 2724 exitium
946 2679 1166 2723 obsistam
1198 2683 1230 2720 L
1270 2692 1296 2723 o
1330 2677 1490 2723 sistam
1522 2677 1714 2722 exitium
1746 2679 1799 2721 ut

106 2738 380 2783 Ribbeckius
417 2740 432 2795 ΙΙ
471 2744 556 2784 293
588 2738 721 2782 uobis
753 2742 840 2781 HR.
882 2741 888 2794 Ι
932 2751 1080 2793 aequo
1112 2738 1373 2794 Hauptius:
1407 2751 1461 2782 ea
1493 2751 1582 2793 que
1613 2741 1650 2779 A
1682 2750 1737 2781 ea
1766 2741 1799 2793 ἦ

107 2799 181 2853 (=
214 2800 351 2854 quae)
384 2802 425 2840 Η
462 2811 608 2857 eaque
641 2802 673 2840 L
713 2810 859 2853 eaque
890 2801 929 2839 R
968 2796 1073 2841 aeui
1104 2797 1330 2840 Heinsius
1379 2798 1385 2850 Ι
1435 2796 1692 2840 senioribus
1722 2800 1761 2837 Β,
1785 2797 1797 2853 Η

109 2861 196 2900 294
236 2856 404 2901 Viuere
443 2858 512 2900 uti
553 2857 738 2913 cupiam
778 2855 1009 2912 Silliyius:
1057 2855 1260 2900 Viuendi
1299 2855 1483 2912 copiam
1524 2859 1553 2897 0
1597 2854 1797 2911 (copiam

108 2916 191 2960 lac.
223 2917 301 2960 rel.
335 2929 417 2961 om.
450 2917 502 2972 L)
547 2918 553 2972 ξ
597 2930 624 2960 a
655 2916 841 2972 scripsi:
881 2915 935 2958 ut
967 2919 997 2957 0
1041 2917 1047 2972 1
1091 2915 1215 2970 quod.
1247 2928 1300 2959 eo
1331 2919 1370 2957 R
