1992 3238
802 184 881 230 IV.
920 185 1144 231 AETNA.
1714 186 1819 240 123

131 318 472 373 Carminibus
512 317 856 387 gaudensque
897 318 1016 371 olea
1053 321 1271 374 uictrice
1310 320 1578 375 Minerua:

130 393 348 446 Excidit
382 392 471 445 hic
509 391 691 444 reduci
729 391 1002 461 quondam
1037 394 1161 460 tibi,
1203 394 1404 462 perfide
1443 394 1678 464 Thesea,

133 465 376 520 Candida
415 466 645 519 sollicito
683 464 1030 533 praemittere
1069 467 1190 518 uela
1228 468 1462 538 parenti3
1732 481 1818 523 585

130 539 213 592 Tu
253 557 464 609 quoque
502 539 842 591 Athenarum
880 557 1119 608 carmen,
1157 541 1265 591 iam
1303 541 1484 594 nobile
1524 541 1669 595 sidus
1680 583 1694 607 ,

128 612 394 683 Erigone,
431 630 488 666 es
528 615 582 666 et
620 630 756 681 quae
799 612 1023 682 stirpem
1061 613 1363 666 Philomela
1401 616 1611 668 canoris

129 686 358 740 Inuocat
394 687 453 739 in
491 686 643 739 siluis
684 685 766 755 (at
802 689 886 756 tu,
926 704 1080 740 soror
1117 686 1359 756 hospita,
1397 689 1577 757 tectiS,

129 761 429 829 Acciperis,
469 759 598 812 solis
639 759 840 813 Tereus
878 759 1023 814 ferus
1065 761 1246 814 exulat
1285 758 1473 831 agris).

129 835 391 887 Miramur
429 833 621 886 Troiae
661 835 863 887 cineres
904 837 959 887 et
995 834 1174 887 flebile
1213 835 1388 887 bustis
1732 849 1819 889 590

128 907 434 978 Pergamon
454 908 826 976 extinctosque
845 925 941 960 suo
958 907 1206 977 Phrygas
1223 907 1479 962 Hectore:
1504 926 1733 977 paruum

129 980 501 1050 Conspicimus
532 982 717 1051 magni
746 982 1015 1034 tumulum
1047 981 1217 1034 ducis:
1257 981 1356 1034 hic
1379 985 1432 1034 et
1464 981 1703 1036 Achilles

126 1054 366 1124 Impiger
406 1059 461 1107 et
497 1055 675 1107 uictus
714 1055 902 1124 magni
939 1057 1080 1108 iacet
1117 1054 1369 1109 Hectoris
1407 1056 1567 1110 ultor.

127 1128 270 1191 Quin
309 1129 473 1182 etiam
512 1127 706 1182 Graiae
743 1129 877 1182 fixos
917 1132 1137 1182 tenuere
1175 1129 1410 1182 tabellae

127 1202 387 1272 Signaue:
425 1221 570 1255 nunc
607 1202 843 1272 Paphiae
882 1206 1127 1256 rorantes
1166 1206 1338 1256 matre
1379 1204 1581 1274 capilli,
1729 1217 1814 1259 595

127 1274 238 1329 Sub
276 1279 426 1329 truce
464 1294 609 1329 nunc
646 1278 803 1345 parui
840 1277 1085 1330 ludentes
1127 1275 1383 1330 Colchide
1422 1278 1561 1347 nati,

124 1348 285 1403 Nunc
322 1350 507 1403 tristes
547 1351 688 1403 circa
728 1351 976 1404 subrecta
1016 1351 1210 1404 altaria
1249 1369 1434 1403 seruae

125 1423 457 1493 Velatusque
495 1427 672 1494 pater,
709 1443 852 1478 nunc
891 1425 1067 1495 gloria
1105 1443 1271 1478 uacca
1309 1423 1553 1493 Myronis

243 1620 328 1659 583
353 1615 653 1672 gaudensque
678 1615 783 1659 olea
807 1615 1026 1660 Iacobus:
1059 1615 1356 1672 gaudentque
1382 1619 1428 1671 0,
1453 1619 1550 1659 tum
1573 1615 1657 1660 soli
1684 1622 1712 1658 c
1745 1615 1817 1660 sui

122 1679 165 1718 Η
189 1687 273 1719 sua
289 1687 316 1721 ς
333 1674 345 1732 ΙΙ
364 1678 449 1719 585
473 1687 620 1731 prem.
638 1678 687 1716 0:
712 1687 858 1731 perm.
876 1677 918 1716 Η
941 1688 1087 1730 prom.
1107 1686 1135 1722 ς
1157 1674 1162 1733 Ι
1181 1674 1308 1719 uella
1323 1678 1365 1716 Η
1381 1688 1437 1718 m.
1452 1678 1478 1718 1
1504 1675 1519 1731 ΙΙ
1543 1679 1628 1719 586
1642 1676 1817 1719 crimen

122 1735 221 1779 edd.
235 1738 326 1778 ant.
350 1732 355 1791 Ι
375 1733 471 1777 iam
484 1732 710 1789 Scaliyer:
734 1734 834 1777 tam
852 1737 882 1775 0
903 1733 908 1792 Ι
929 1734 1047 1778 fidus
1065 1733 1099 1790 (i
1115 1734 1168 1778 iri
1185 1746 1210 1777 e
1228 1734 1362 1789 corr.)
1381 1732 1620 1792 111Ιό8758
1634 1735 1683 1779 et
1695 1747 1815 1791 quae

123 1792 316 1850 stirpem
346 1791 611 1837 Philomela
639 1793 825 1848 scripsi:
858 1793 990 1837 sedes
1020 1794 1179 1837 uestra
1211 1796 1264 1848 0,
1296 1796 1393 1836 tum
1423 1793 1497 1838 est
1525 1793 1816 1850 phylomella

123 1858 151 1895 c
184 1850 475 1909 amphilonia
505 1852 581 1907 (en
610 1851 883 1907 philomena
912 1865 970 1896 m.
1001 1855 1052 1909 2)
1084 1855 1127 1894 11
1165 1851 1451 1908 emphiloma
1482 1864 1509 1899 ς
1545 1852 1816 1909 (amphiona.

123 1911 259 1966 Itali)
292 1925 361 1966 es;
395 1910 536 1955 edens
569 1911 758 1966 questus
788 1910 909 1956 Phil.
941 1910 1197 1967 Hauptius‚
1230 1911 1317 1955 alii
1347 1911 1445 1955 alia
1467 1912 1483 1968 Ι]
1507 1915 1592 1955 588
1621 1911 1816 1956 Inuocat

122 1983 219 2027 eqo:
253 1970 433 2014 Euocat
465 1973 495 2011 0
535 1968 696 2014 Eiulat
727 1969 928 2019 Iacobus
959 1968 1029 2014 En
1060 1970 1192 2014 uolat
1230 1969 1570 2025 Wernsdorfius
1602 1971 1707 2027 (quo
1739 1984 1813 2015 ac-

122 2033 246 2085 cepto
278 2042 470 2073 canoras
496 2053 551 2060 —
575 2027 626 2071 in
655 2028 799 2073 siluas
830 2028 1089 2084 Hauptius)
1122 2029 1193 2073 En
1224 2029 1366 2073 uocat
1396 2028 1571 2073 Mwnro
1599 2030 1604 2085 Ι
1632 2031 1683 2074 at
1713 2043 1812 2086 eqo:

122 2089 170 2133 et
194 2092 224 2131 0
248 2089 264 2143 ΙΙ
287 2092 374 2132 590
406 2086 629 2132 Mitamur
650 2091 693 2130 Η
720 2088 728 2143 Ι
753 2087 904 2133 bustis
929 2088 1150 2133 Iacobus:
1182 2088 1319 2133 uictis
1343 2092 1374 2130 0
1399 2088 1414 2144 ΙΙ
1438 2092 1522 2132 591
1549 2088 1813 2132 Extinctus-

121 2161 212 2204 que
244 2153 272 2189 c
308 2151 315 2203 Ι
351 2161 433 2191 suo
466 2152 515 2189 c:
550 2160 656 2191 suos
687 2151 767 2194 Ης
800 2149 808 2202 Ι
840 2147 1009 2203 phigas
1043 2147 1084 2203 (r
1114 2148 1218 2192 add.
1250 2161 1308 2192 m.
1336 2149 1387 2203 2)
1418 2151 1461 2189 Η
1494 2148 1500 2203 Ι
1535 2147 1752 2193 haectore
1784 2153 1813 2190 c

120 2207 283 2250 hector
315 2207 407 2263 (·ra
432 2219 488 2250 m.
515 2209 563 2260 2,
588 2208 632 2262 ς)
664 2210 706 2248 11
728 2207 744 2262 ῃ
768 2210 853 2251 592
884 2206 1139 2250 tumultum
1163 2212 1190 2249 c
1214 2207 1230 2262 ΙΙ
1253 2211 1340 2250 593
1370 2206 1526 2251 uietus
1549 2206 1810 2262 Hauptius:

120 2266 272 2309 uictus
297 2270 325 2307 c
350 2264 534 2309 uictunr
551 2269 631 2312 Ης
654 2265 790 2310 fictus
815 2265 851 2308 I
850 2266 1034 2320 acobus3
1059 2266 1154 2322 ipse
1177 2265 1370 2310 timidus
1394 2266 1565 2310 conieci
1591 2266 1596 2321 Ι
1623 2265 1813 2310 haecto-

119 2324 184 2368 ris
216 2329 244 2366 0
268 2325 284 2380 ΙΙ
308 2328 395 2368 594
425 2323 538 2367 fixas
567 2324 764 2369 timuere
794 2324 997 2369 tabellas
1026 2328 1080 2380 0,
1112 2338 1226 2370 corr.
1259 2325 1357 2371 edd.
1390 2328 1484 2368 ant.
1509 2324 1526 2380 ΙΙ
1549 2327 1635 2368 595
1669 2323 1813 2381 Signa

119 2397 206 2428 nec
236 2387 278 2425 Η
310 2382 546 2439 Signaque
571 2395 599 2430 ς
625 2382 632 2442 Ι
660 2383 847 2440 pafl(a)e
879 2387 909 2425 0
938 2386 944 2438 Ι
971 2385 1178 2428 rorantes
1204 2383 1343 2427 Itali:
1375 2382 1585 2427 rorantia
1616 2382 1728 2437 (-cia
1750 2384 1810 2439 H)

121 2446 152 2485 0
181 2445 187 2499 Ι
213 2444 346 2499 parte
380 2441 556 2485 camilli
579 2446 633 2496 03
665 2442 800 2498 parte
832 2442 994 2499 capilli
1024 2443 1122 2487 edd.
1160 2446 1254 2487 ant.
1287 2441 1388 2486 arte
1421 2441 1583 2498 capilli
1606 2441 1811 2499 Scaliqer

119 2503 252 2558 patre
284 2500 444 2557 capilli
475 2500 738 2557 Hauptiu83
777 2514 855 2557 eyo
885 2515 941 2546 ex
972 2502 1175 2546 codicum
1214 2501 1398 2545 lectione
1429 2514 1515 2557 per
1553 2501 1811 2546 litterarum

119 2576 151 2617 p
183 2564 225 2604 et
254 2574 302 2603 m
332 2560 597 2604 metathesin
625 2560 714 2615 feci
744 2562 891 2604 marte
924 2562 999 2616 (=
1026 2561 1194 2616 matre)
1226 2559 1401 2616 capilli,
1433 2573 1534 2604 cum
1563 2563 1605 2604 et
1627 2564 1811 2616 poetam

119 2620 174 2664 in
216 2632 382 2675 graeca
420 2619 617 2663 dictione
660 2619 751 2663 sibi
792 2620 1042 2663 constitisse
1079 2619 1318 2676 probabile
1355 2619 1416 2663 sit
1453 2622 1495 2663 et
1541 2619 1811 2664 commendet

119 2679 239 2723 illud
273 2677 471 2722 Ouidius
501 2679 618 2722 trist.
651 2677 696 2721 II
727 2681 812 2722 528
848 2679 901 2722 iri
939 2678 1090 2722 eadem
1127 2692 1176 2722 re
1213 2678 1411 2722 scribens
1449 2678 1499 2722 et
1535 2678 1674 2722 modo
1713 2691 1811 2722 ma-

119 2736 265 2781 ternis
303 2737 431 2781 tecta
468 2736 655 2780 uidetur
694 2736 827 2793 aquis
872 2738 888 2793 ss
933 2741 1018 2781 596
1058 2737 1301 2781 cholchide
1333 2741 1362 2778 c
1407 2738 1423 2793 ss
1469 2741 1553 2781 597
1595 2737 1810 2780 subrecta

119 2796 305 2852 scripsi:
339 2795 550 2840 subiecta
574 2799 604 2838 0
637 2795 873 2840 subiectae
901 2797 1040 2853 uulyo
1067 2797 1074 2853 1
1101 2808 1261 2840 seruae
1293 2807 1389 2852 eqo:
1424 2809 1589 2840 ceruae
1622 2799 1653 2838 0
1688 2795 1808 2852 (sub-

119 2856 375 2899 stantiuum
407 2855 468 2899 ad
498 2855 617 2900 illud
646 2853 801 2899 tristes
833 2855 1066 2912 requirens
1088 2854 1371 2900 Schraderus
1400 2869 1446 2900 u.
1473 2858 1559 2899 596
1584 2867 1675 2911 pro
1704 2853 1808 2898 nati

121 2914 236 2958 coni.
270 2913 397 2970 Grai)
421 2915 437 2971 ΙΙ
462 2918 547 2958 598
579 2927 723 2958 uacca
754 2912 1054 2959 Schraderus:
1086 2913 1197 2959 uiua
1228 2917 1258 2956 0
1286 2913 1294 2970 1
1320 2913 1512 2959 mironis
1543 2917 1586 2955 Η
