1992 3238
241 201 317 257 26
852 203 974 248 XVI.
1011 203 1324 250 APPEN'DIX

392 336 580 402 Accipe
615 336 830 401 facundi
870 336 1114 407 Culicem,
1151 341 1396 407 studiose,
1433 340 1699 406 Maronis,

467 409 549 461 Ne
585 409 798 462 nucibus
826 411 1012 477 positis
1049 429 1202 465 arma
1238 414 1513 479 uirumque
1551 413 1698 480 layas.

241 482 436 551 quibus
486 481 667 534 uerbis
721 484 901 551 potuit
954 485 1046 537 ille
1096 488 1269 538 totam
1315 488 1557 537 nostram
1605 485 1851 554 syllogen
1898 502 1930 537 a

242 558 398 625 parte
432 555 715 624 principali
747 556 1052 627 designare:
1085 577 1212 613 nam
1238 557 1482 611 Teuffelii
1511 557 1782 611 conclusio
1806 558 1931 610 inde

241 628 389 683 facta
428 628 632 681 reicula
670 633 754 682 est
791 628 881 699 (cf.
914 630 1172 685 Fleckeis.
1212 650 1335 684 ann.
1372 630 1514 684 1875
1552 649 1602 698 p.
1639 630 1744 683 144
1781 630 1935 700 not..)

393 699 469 753 Hi
508 719 694 755 omnes
735 703 836 756 etsi
874 704 1054 771 ipsum
1090 707 1335 757 nostrum
1368 702 1606 756 Culicem
1642 703 1710 756 ob
1751 703 1934 756 oculos

240 774 480 827 habuere
531 773 611 845 (id
657 776 799 845 quod
837 777 993 828 iustis
1034 777 1248 845 quidem
1287 777 1461 829 causis
1503 776 1806 828 addubitari
1843 794 1935 828 116-

241 845 409 917 quit),
448 850 631 901 tamen
661 850 915 902 inmerito
948 850 1274 902 rettulerunt
1304 850 1371 902 ad
1401 849 1703 918 Vergilium
1744 848 1935 902 eidem.

241 920 384 990 quod
427 939 538 973 non
576 925 691 974 tam
729 923 1019 976 uerborum
1057 923 1298 976 flosculis
1338 940 1402 974 ex
1439 921 1681 991 Vergilio
1722 922 1937 975 adsum-

239 994 350 1062 ptis
399 991 611 1065 (quidni
658 996 803 1048 enim
850 996 1052 1049 multos
1094 1014 1277 1049 eorum
1316 1013 1599 1049 commune
1646 997 1764 1047 tum
1808 1014 1934 1064 poe-

239 1070 420 1120 tarum
466 1068 668 1120 bonum
712 1068 881 1121 fuisse
922 1069 1194 1139 aiamus‘P)
1236 1069 1639 1138 comprobatur,
1685 1071 1746 1121 ut
1791 1086 1934 1121 com-

239 1141 473 1209 probare
522 1141 725 1193 studuit
771 1141 858 1193 Fr.
907 1141 1055 1195 Baur
1107 1143 1164 1194 in
1208 1142 1468 1195 Fleckeis.
1524 1160 1643 1194 ann.
1694 1160 1740 1194 a.
1792 1143 1933 1195 1866

239 1231 291 1283 p.
331 1213 438 1266 357
468 1232 582 1282 sqq.
592 1256 606 1283 ,
653 1232 814 1283 quam
864 1214 987 1267 aliis
1034 1215 1247 1269 indiciis
1295 1216 1561 1268 euincitur
1608 1215 1778 1268 multo
1825 1233 1934 1268 cer-

240 1287 489 1339 tioribuS.
550 1305 665 1340 rem
702 1288 984 1340 metricam
1023 1289 1166 1341 enim
1212 1291 1274 1341 ut
1313 1306 1704 1357 comparemuS,
1752 1306 1815 1340 ea
1854 1293 1938 1341 est

243 1358 446 1412 Culicis
496 1360 744 1429 scriptori
791 1361 931 1414 circa
979 1362 1339 1431 synaloephas
1388 1362 1549 1414 anxia
1594 1379 1722 1414 cura
1767 1364 1828 1414 ut
1866 1362 1935 1415 ab

239 1433 511 1486 elidendis
551 1434 730 1504 longis
762 1435 1042 1488 uocalibus
1075 1435 1295 1489 omnino
1329 1435 1669 1502 abstinuerit,
1707 1434 1761 1487 id
1794 1435 1938 1504 quod

241 1506 387 1560 docti
451 1507 689 1577 plerique
752 1506 842 1574 (cf.
891 1527 970 1561 eX.
1017 1526 1096 1578 gr.
1141 1509 1290 1562 Baur
1340 1509 1374 1562 1
1421 1508 1455 1560 l.
1509 1527 1558 1579 p.
1598 1476 1730 1578 368)
1792 1511 1937 1562 recte

240 1579 817 1664 animaduerterunt*).
871 1581 1003 1635 haec
1036 1583 1323 1636 austeritas
1366 1600 1528 1665 quam
1561 1599 1675 1634 11011
1713 1582 1939 1654 quadret

240 1655 300 1708 in
337 1653 647 1723 Vergilium
696 1673 960 1724 quamque
1007 1674 1198 1724 parum
1239 1656 1311 1708 sit
1347 1655 1463 1707 ueri
1503 1654 1677 1707 simile
1721 1655 1819 1708 tali
1859 1673 1938 1708 se·

240 1728 463 1780 ueritati
502 1728 826 1781 innutritum
864 1731 1055 1797 postea
1085 1729 1233 1783 hac
1218 1748 1276 1781 1n
1306 1746 1364 1781 re
1395 1746 1613 1782 normas
1647 1728 1936 1797 adoptasse

238 1800 572 1871 liberrimaS‚
621 1820 719 1854 sua
756 1802 1124 1872 unusquisque
1164 1805 1354 1872 sponte
1394 1801 1667 1871 perspicit.
1730 1801 1935 1871 deinde,

238 1874 383 1944 quod
433 1874 501 1927 ad
556 1875 795 1943 poeticas
844 1875 1098 1946 uirtuteS‚
1155 1876 1211 1928 id
1259 1879 1342 1929 est
1389 1875 1642 1928 carminis
1688 1876 1937 1944 pretium,

236 1965 398 2001 nemo
452 1951 511 2000 ut
558 1948 793 2018 prudens
833 1947 1079 2019 Vergilio
1127 1949 1264 2002 illud
1306 1948 1610 2002 adiudicare
1655 1947 1816 2002 facile
1854 1949 1935 2003 in-

238 2021 402 2074 ducat
434 2021 689 2074 animum.
745 2026 968 2092 apparet
1006 2024 1203 2092 quippe
1242 2024 1350 2076 iam
1389 2022 1446 2074 in
1483 2021 1603 2074 rudi
1641 2021 1816 2075 tirone
1855 2023 1934 2074 in-

238 2094 379 2148 dolis
435 2095 746 2166 ingeniique
800 2096 977 2149 forma
1031 2097 1293 2166 quaedam
1350 2113 1412 2148 ac
1458 2095 1688 2163 species3
1744 2096 1821 2149 sic
1875 2096 1935 2148 in

236 2168 646 2238 epigrammatis
680 2169 756 2221 eis
791 2187 926 2238 quae
958 2188 1125 2238 puero
1149 2171 1237 2222 uel
1261 2168 1665 2222 adulescentulo
1689 2167 1934 2239 Vergilio

237 2243 384 2294 recte
425 2241 769 2295 uindicantur
806 2242 1007 2295 nobilis
1046 2243 1194 2296 illius
1235 2242 1455 2312 spiritus
1495 2241 1784 2311 magnique
1824 2243 1934 2295 oris

237 2317 427 2367 tenera
489 2315 758 2368 habentur
817 2315 1031 2370 indicia.
1102 2334 1290 2369 uerum
1345 2315 1487 2368 enim
1541 2332 1670 2368 uero
1732 2315 1779 2368 is
1842 2316 1934 2385 qui

237 2386 478 2441 Culicem
529 2389 659 2441 lusit
695 2407 989 2458 numquam
1028 2407 1285 2443 euasurus
1326 2391 1444 2442 erat
1481 2391 1632 2441 uates
1673 2391 1934 2459 augustus

239 2462 594 2532 grandisque,
642 2463 854 2532 qualem
894 2463 1217 2532 suspicimus
1256 2463 1551 2516 Maronem.
1614 2479 1721 2530 qua
1765 2462 1830 2514 de
1875 2480 1933 2515 re

239 2535 463 2603 scripsit
487 2537 749 2589 nonnulla
773 2537 1172 2606 comprobanda
1194 2536 1413 2604 Machly
1434 2535 1489 2602 [1.
1513 2536 1546 2587 1.
1570 2553 1619 2603 p.
1645 2535 1751 2588 817
1779 2538 1935 2605 sqq.].

236 2625 348 2661 non
381 2608 697 2678 singillatim
730 2610 1055 2664 enumerabo
1088 2629 1222 2680 quae
1256 2629 1377 2663 cum
1416 2609 1474 2660 in
1504 2608 1674 2661 totius
1714 2626 1934 2677 poema-

387 2737 426 2794 *)
459 2751 570 2782 nam
594 2739 685 2783 duo
708 2739 802 2783 loci
826 2740 906 2796 qui
937 2741 1127 2797 regulae
1158 2740 1453 2797 refragantur
1473 2742 1580 2806 5288
1605 2741 1654 2784 et
1671 2740 1775 2793 400)
1799 2738 1933 2782 facili

238 2796 429 2853 negotio
455 2796 763 2853 corriguntur,
794 2798 938 2842 ceteri
961 2799 1202 2844 doctorum
1228 2797 1508 2844 coniecturis
1532 2797 1665 2842 falsis
1688 2797 1931 2841 debentur.

236 2855 379 2900 nimis
419 2856 577 2900 autem
614 2855 815 2900 intendit
853 2871 952 2902 rem
989 2857 1166 2903 Bittius
1212 2857 1325 2902 libri
1363 2858 1419 2903 de
1460 2855 1618 2902 Ouidii
1654 2855 1933 2901 Halieuticis

238 2929 284 2971 p.
317 2918 373 2958 49
419 2914 562 2959 etiam
592 2915 822 2959 uocabula
859 2915 910 2959 in
944 2916 1041 2960 ‘m'
1077 2916 1338 2962 desinentia
1367 2917 1427 2962 ab
1458 2915 1650 2960 elisione
1684 2914 1934 2972 excipiens
