<?xml version="1.0" encoding="UTF-8"?>
<!DOCTYPE html PUBLIC "-//W3C//DTD XHTML 1.0 Transitional//EN"
    "http://www.w3.org/TR/xhtml1/DTD/xhtml1-transitional.dtd">
<html xmlns="http://www.w3.org/1999/xhtml" xml:lang="en" lang="en">
 <head>
  <title>
</title>
<meta http-equiv="Content-Type" content="text/html;charset=utf-8" />
  <meta name='ocr-system' content='tesseract 3.04.00' />
  <meta name='ocr-capabilities' content='ocr_page ocr_carea ocr_par ocr_line ocrx_word'/>
</head>
<body>
  <div class='ocr_page' id='page_1' title='image "./poetaelatinimino02baehuoft_0195.png"; bbox 0 0 1992 3238; ppageno 0'>
   <div class='ocr_carea' id='block_1_1' title="bbox 538 207 1864 264">
    <p class='ocr_par' dir='ltr' id='par_1_1' title="bbox 538 207 1864 264">
     <span class='ocr_line' id='line_1_1' title="bbox 538 207 1864 264; baseline 0.009 -12"><span class='ocrx_word' id='word_1_1' title='bbox 538 207 727 253; x_wconf 85' lang='lat' dir='ltr'>INDEX</span> <span class='ocrx_word' id='word_1_2' title='bbox 759 209 1176 256; x_wconf 87' lang='lat' dir='ltr'>IMITATIONVM</span> <span class='ocrx_word' id='word_1_3' title='bbox 1207 211 1275 257; x_wconf 89' lang='lat' dir='ltr'><strong><em>IN</em></strong></span> <span class='ocrx_word' id='word_1_4' title='bbox 1306 211 1439 258; x_wconf 85' lang='lat' dir='ltr'><strong>CIRI.</strong></span> <span class='ocrx_word' id='word_1_5' title='bbox 1762 211 1864 264; x_wconf 84' lang='grc'><strong><em>191</em></strong></span> 
     </span>
    </p>
   </div>
   <div class='ocr_carea' id='block_1_2' title="bbox 179 340 1877 2980">
    <p class='ocr_par' dir='ltr' id='par_1_2' title="bbox 179 340 1867 691">
     <span class='ocr_line' id='line_1_2' title="bbox 180 340 1865 400; baseline 0.001 -14"><span class='ocrx_word' id='word_1_6' title='bbox 180 341 275 386; x_wconf 78' lang='grc'><strong>394</strong></span> <span class='ocrx_word' id='word_1_7' title='bbox 299 357 387 398; x_wconf 89' lang='lat' dir='ltr'><strong><em>sq.:</em></strong></span> <span class='ocrx_word' id='word_1_8' title='bbox 421 342 586 398; x_wconf 73' lang='grc' dir='ltr'><strong>Θεοῖς.</strong></span> <span class='ocrx_word' id='word_1_9' title='bbox 620 346 668 395; x_wconf 94' lang='grc'><strong><em>4,</em></strong></span> <span class='ocrx_word' id='word_1_10' title='bbox 697 345 783 386; x_wconf 87' lang='grc'><strong><em>388</em></strong></span> <span class='ocrx_word' id='word_1_11' title='bbox 819 340 1095 386; x_wconf 88' lang='lat' dir='ltr'><strong><em>‘Caeruleus</em></strong></span> <span class='ocrx_word' id='word_1_12' title='bbox 1127 343 1343 400; x_wconf 81' lang='lat' dir='ltr'><strong><em>Proteus,</em></strong></span> <span class='ocrx_word' id='word_1_13' title='bbox 1375 357 1590 400; x_wconf 73' lang='lat' dir='ltr'><strong><em>maynum</em></strong></span> <span class='ocrx_word' id='word_1_14' title='bbox 1620 345 1701 400; x_wconf 77' lang='lat' dir='ltr'><strong><em>qui</em></strong></span> <span class='ocrx_word' id='word_1_15' title='bbox 1723 345 1865 400; x_wconf 83' lang='lat' dir='ltr'><strong><em>pisci-</em></strong></span> 
     </span>
     <span class='ocr_line' id='line_1_3' title="bbox 300 399 1766 459; baseline 0.001 -14"><span class='ocrx_word' id='word_1_16' title='bbox 300 401 382 445; x_wconf 99' lang='lat' dir='ltr'><strong><em>bus</em></strong></span> <span class='ocrx_word' id='word_1_17' title='bbox 413 413 580 456; x_wconf 77' lang='lat' dir='ltr'><strong><em>aequor</em></strong></span> <span class='ocrx_word' id='word_1_18' title='bbox 610 399 679 443; x_wconf 87' lang='lat' dir='ltr'><strong><em>Et</em></strong></span> <span class='ocrx_word' id='word_1_19' title='bbox 707 399 864 444; x_wconf 84' lang='lat' dir='ltr'><strong><em>iuncto</em></strong></span> <span class='ocrx_word' id='word_1_20' title='bbox 896 400 1104 456; x_wconf 76' lang='lat' dir='ltr'><strong><em>bipedum</em></strong></span> <span class='ocrx_word' id='word_1_21' title='bbox 1136 415 1278 446; x_wconf 78' lang='lat' dir='ltr'><strong><em>curru</em></strong></span> <span class='ocrx_word' id='word_1_22' title='bbox 1307 403 1490 446; x_wconf 86' lang='lat' dir='ltr'><strong><em>metitur</em></strong></span> <span class='ocrx_word' id='word_1_23' title='bbox 1519 403 1766 459; x_wconf 76' lang='lat' dir='ltr'><strong><em>equorum&#39;.</em></strong></span> 
     </span>
     <span class='ocr_line' id='line_1_4' title="bbox 179 457 1865 516; baseline 0.002 -13"><span class='ocrx_word' id='word_1_24' title='bbox 179 458 295 503; x_wconf 80' lang='lat'>398:</span> <span class='ocrx_word' id='word_1_25' title='bbox 327 459 426 503; x_wconf 86' lang='lat' dir='ltr'><strong><em>Ecl.</em></strong></span> <span class='ocrx_word' id='word_1_26' title='bbox 444 463 486 512; x_wconf 92' lang='lat'><strong><em>4,</em></strong></span> <span class='ocrx_word' id='word_1_27' title='bbox 504 463 559 502; x_wconf 89' lang='grc'><strong><em>49</em></strong></span> <span class='ocrx_word' id='word_1_28' title='bbox 590 457 735 503; x_wconf 84' lang='lat' dir='ltr'><strong><em>‘Gara</em></strong></span> <span class='ocrx_word' id='word_1_29' title='bbox 758 458 896 502; x_wconf 88' lang='lat' dir='ltr'><strong><em>deum</em></strong></span> <span class='ocrx_word' id='word_1_30' title='bbox 918 459 1106 512; x_wconf 88' lang='lat' dir='ltr'><strong><em>suboles,</em></strong></span> <span class='ocrx_word' id='word_1_31' title='bbox 1128 473 1342 516; x_wconf 74' lang='lat' dir='ltr'><strong><em>maynum</em></strong></span> <span class='ocrx_word' id='word_1_32' title='bbox 1360 461 1494 505; x_wconf 88' lang='lat' dir='ltr'><strong><em>Iouis</em></strong></span> <span class='ocrx_word' id='word_1_33' title='bbox 1508 461 1865 507; x_wconf 83' lang='lat' dir='ltr'><strong><em>incrementum’.</em></strong></span> 
     </span>
     <span class='ocr_line' id='line_1_5' title="bbox 180 515 1863 576; baseline 0.002 -15"><span class='ocrx_word' id='word_1_34' title='bbox 180 517 296 562; x_wconf 77' lang='lat'>399:</span> <span class='ocrx_word' id='word_1_35' title='bbox 330 517 497 562; x_wconf 82' lang='lat' dir='ltr'><strong><em>Catull.</em></strong></span> <span class='ocrx_word' id='word_1_36' title='bbox 526 522 605 573; x_wconf 93' lang='lat'><strong><em>64,</em></strong></span> <span class='ocrx_word' id='word_1_37' title='bbox 629 522 716 561; x_wconf 90' lang='lat'><strong><em>394</em></strong></span> <span class='ocrx_word' id='word_1_38' title='bbox 748 515 981 573; x_wconf 73' lang='lat' dir='ltr'><strong>‘Excipiet</strong></span> <span class='ocrx_word' id='word_1_39' title='bbox 1008 518 1166 561; x_wconf 82' lang='lat' dir='ltr'><strong><em>niueos</em></strong></span> <span class='ocrx_word' id='word_1_40' title='bbox 1196 531 1438 574; x_wconf 80' lang='lat' dir='ltr'>percussae</span> <span class='ocrx_word' id='word_1_41' title='bbox 1470 521 1669 576; x_wconf 77' lang='lat' dir='ltr'><strong><em>uiryinis</em></strong></span> <span class='ocrx_word' id='word_1_42' title='bbox 1699 521 1863 564; x_wconf 81' lang='lat' dir='ltr'><strong><em>artus’.</em></strong></span> 
     </span>
     <span class='ocr_line' id='line_1_6' title="bbox 179 575 1867 635; baseline 0.001 -13"><span class='ocrx_word' id='word_1_43' title='bbox 179 575 272 622; x_wconf 78' lang='lat'><strong><em>402</em></strong></span> <span class='ocrx_word' id='word_1_44' title='bbox 298 591 389 632; x_wconf 88' lang='lat' dir='ltr'><strong><em>sq.:</em></strong></span> <span class='ocrx_word' id='word_1_45' title='bbox 414 577 528 621; x_wconf 86' lang='lat' dir='ltr'><strong><em>Aen.</em></strong></span> <span class='ocrx_word' id='word_1_46' title='bbox 548 580 590 630; x_wconf 93' lang='lat'><strong><em>2,</em></strong></span> <span class='ocrx_word' id='word_1_47' title='bbox 607 580 695 619; x_wconf 85' lang='lat'><strong><em>405</em></strong></span> <span class='ocrx_word' id='word_1_48' title='bbox 723 575 820 620; x_wconf 83' lang='lat' dir='ltr'><strong><em>‘Ad</em></strong></span> <span class='ocrx_word' id='word_1_49' title='bbox 843 577 1013 620; x_wconf 86' lang='lat' dir='ltr'><strong><em>caelum</em></strong></span> <span class='ocrx_word' id='word_1_50' title='bbox 1035 577 1220 621; x_wconf 85' lang='lat' dir='ltr'><strong><em>tendens</em></strong></span> <span class='ocrx_word' id='word_1_51' title='bbox 1244 578 1457 622; x_wconf 83' lang='lat' dir='ltr'><strong><em>ardentia</em></strong></span> <span class='ocrx_word' id='word_1_52' title='bbox 1480 579 1657 623; x_wconf 84' lang='lat' dir='ltr'><strong><em>lumina</em></strong></span> <span class='ocrx_word' id='word_1_53' title='bbox 1679 577 1867 635; x_wconf 84' lang='lat' dir='ltr'><strong><em>frustra,</em></strong></span> 
     </span>
     <span class='ocr_line' id='line_1_7' title="bbox 299 634 1580 691; baseline 0.002 -13"><span class='ocrx_word' id='word_1_54' title='bbox 299 634 526 690; x_wconf 85' lang='lat' dir='ltr'><strong><em>Lumina,</em></strong></span> <span class='ocrx_word' id='word_1_55' title='bbox 558 648 667 678; x_wconf 88' lang='lat' dir='ltr'><strong><em>nam</em></strong></span> <span class='ocrx_word' id='word_1_56' title='bbox 697 637 872 678; x_wconf 83' lang='lat' dir='ltr'><strong><em>teneras</em></strong></span> <span class='ocrx_word' id='word_1_57' title='bbox 903 635 1118 679; x_wconf 79' lang='lat' dir='ltr'><strong><em>arcebant</em></strong></span> <span class='ocrx_word' id='word_1_58' title='bbox 1146 635 1338 679; x_wconf 84' lang='lat' dir='ltr'><strong><em>uincula</em></strong></span> <span class='ocrx_word' id='word_1_59' title='bbox 1366 637 1580 691; x_wconf 82' lang='lat' dir='ltr'><strong><em>palmas’.</em></strong></span> 
     </span>
    </p>

    <p class='ocr_par' dir='ltr' id='par_1_3' title="bbox 181 692 1869 808">
     <span class='ocr_line' id='line_1_8' title="bbox 181 692 1869 750; baseline 0.001 -11"><span class='ocrx_word' id='word_1_60' title='bbox 181 692 274 739; x_wconf 81' lang='lat'>405</span> <span class='ocrx_word' id='word_1_61' title='bbox 300 708 391 749; x_wconf 89' lang='lat' dir='ltr'><strong><em>sq.:</em></strong></span> <span class='ocrx_word' id='word_1_62' title='bbox 422 693 521 737; x_wconf 91' lang='lat' dir='ltr'><strong><em>Ecl.</em></strong></span> <span class='ocrx_word' id='word_1_63' title='bbox 546 697 588 748; x_wconf 90' lang='grc'><strong><em>8,</em></strong></span> <span class='ocrx_word' id='word_1_64' title='bbox 615 697 668 736; x_wconf 87' lang='grc'><strong><em>19</em></strong></span> <span class='ocrx_word' id='word_1_65' title='bbox 697 693 851 736; x_wconf 83' lang='lat' dir='ltr'><strong><em>‘Dum</em></strong></span> <span class='ocrx_word' id='word_1_66' title='bbox 874 706 1035 750; x_wconf 80' lang='lat' dir='ltr'><strong><em>queror</em></strong></span> <span class='ocrx_word' id='word_1_67' title='bbox 1058 698 1099 738; x_wconf 90' lang='lat' dir='ltr'><strong><em>et</em></strong></span> <span class='ocrx_word' id='word_1_68' title='bbox 1121 694 1268 748; x_wconf 84' lang='lat' dir='ltr'><strong><em>diuos,</em></strong></span> <span class='ocrx_word' id='word_1_69' title='bbox 1292 708 1566 750; x_wconf 78' lang='lat' dir='ltr'><strong><em>quamquam</em></strong></span> <span class='ocrx_word' id='word_1_70' title='bbox 1588 696 1658 740; x_wconf 85' lang='lat' dir='ltr'><strong><em>nil</em></strong></span> <span class='ocrx_word' id='word_1_71' title='bbox 1681 697 1869 741; x_wconf 80' lang='lat' dir='ltr'><strong><em>testibus</em></strong></span> 
     </span>
     <span class='ocr_line' id='line_1_9' title="bbox 298 751 1695 808; baseline 0.002 -12"><span class='ocrx_word' id='word_1_72' title='bbox 298 753 393 796; x_wconf 81' lang='lat' dir='ltr'><strong><em>illis</em></strong></span> <span class='ocrx_word' id='word_1_73' title='bbox 427 751 633 806; x_wconf 82' lang='lat' dir='ltr'><strong><em>Profeci,</em></strong></span> <span class='ocrx_word' id='word_1_74' title='bbox 665 756 863 796; x_wconf 76' lang='lat' dir='ltr'><strong><em>extrema</em></strong></span> <span class='ocrx_word' id='word_1_75' title='bbox 892 753 1087 796; x_wconf 85' lang='lat' dir='ltr'><strong><em>moriens</em></strong></span> <span class='ocrx_word' id='word_1_76' title='bbox 1116 756 1266 796; x_wconf 89' lang='lat' dir='ltr'><strong><em>tamen</em></strong></span> <span class='ocrx_word' id='word_1_77' title='bbox 1297 753 1517 808; x_wconf 83' lang='lat' dir='ltr'><strong><em>adloquor</em></strong></span> <span class='ocrx_word' id='word_1_78' title='bbox 1547 755 1695 799; x_wconf 83' lang='lat' dir='ltr'><strong><em>hora&#39;.</em></strong></span> 
     </span>
    </p>

    <p class='ocr_par' dir='ltr' id='par_1_4' title="bbox 179 808 1807 867">
     <span class='ocr_line' id='line_1_10' title="bbox 179 808 1807 867; baseline 0.001 -13"><span class='ocrx_word' id='word_1_79' title='bbox 179 809 276 854; x_wconf 91' lang='lat'><strong><em>414</em></strong></span> <span class='ocrx_word' id='word_1_80' title='bbox 300 825 387 866; x_wconf 85' lang='lat' dir='ltr'><strong><em>sq.:</em></strong></span> <span class='ocrx_word' id='word_1_81' title='bbox 423 808 523 854; x_wconf 90' lang='lat' dir='ltr'><strong><em>Cat.</em></strong></span> <span class='ocrx_word' id='word_1_82' title='bbox 550 815 619 864; x_wconf 88' lang='grc'><strong><em>64,</em></strong></span> <span class='ocrx_word' id='word_1_83' title='bbox 644 814 729 855; x_wconf 87' lang='grc'><strong>373</strong></span> <span class='ocrx_word' id='word_1_84' title='bbox 766 811 992 867; x_wconf 81' lang='lat' dir='ltr'><strong><em>‘accipiat</em></strong></span> <span class='ocrx_word' id='word_1_85' title='bbox 1021 811 1224 856; x_wconf 77' lang='lat' dir='ltr'><strong><em>coniunx</em></strong></span> <span class='ocrx_word' id='word_1_86' title='bbox 1254 811 1380 855; x_wconf 86' lang='lat' dir='ltr'><strong><em>felici</em></strong></span> <span class='ocrx_word' id='word_1_87' title='bbox 1410 812 1585 867; x_wconf 84' lang='lat' dir='ltr'><strong><em>foedere</em></strong></span> <span class='ocrx_word' id='word_1_88' title='bbox 1614 813 1807 857; x_wconf 89' lang='lat' dir='ltr'><strong><em>diuam’.</em></strong></span> 
     </span>
    </p>

    <p class='ocr_par' dir='ltr' id='par_1_5' title="bbox 179 868 1359 927">
     <span class='ocr_line' id='line_1_11' title="bbox 179 868 1359 927; baseline 0 -13"><span class='ocrx_word' id='word_1_89' title='bbox 179 868 295 915; x_wconf 86' lang='lat'>420:</span> <span class='ocrx_word' id='word_1_90' title='bbox 330 869 497 926; x_wconf 78' lang='grc' dir='ltr'><strong>Θεοῖς.</strong></span> <span class='ocrx_word' id='word_1_91' title='bbox 531 874 581 925; x_wconf 91' lang='lat'><strong><em>4,</em></strong></span> <span class='ocrx_word' id='word_1_92' title='bbox 612 873 696 913; x_wconf 85' lang='lat'><strong><em>492</em></strong></span> <span class='ocrx_word' id='word_1_93' title='bbox 733 869 935 914; x_wconf 88' lang='lat' dir='ltr'><strong><em>‘inmitis</em></strong></span> <span class='ocrx_word' id='word_1_94' title='bbox 964 871 1103 926; x_wconf 84' lang='lat' dir='ltr'><strong><em>rupta</em></strong></span> <span class='ocrx_word' id='word_1_95' title='bbox 1134 871 1359 927; x_wconf 79' lang='lat' dir='ltr'><strong><em>tyranni&#39;.</em></strong></span> 
     </span>
    </p>

    <p class='ocr_par' dir='ltr' id='par_1_6' title="bbox 179 927 1867 984">
     <span class='ocr_line' id='line_1_12' title="bbox 179 927 1867 984; baseline 0.001 -12"><span class='ocrx_word' id='word_1_96' title='bbox 179 927 295 973; x_wconf 87' lang='lat'>430:</span> <span class='ocrx_word' id='word_1_97' title='bbox 330 927 426 973; x_wconf 83' lang='lat' dir='ltr'><strong><em>Ecl.</em></strong></span> <span class='ocrx_word' id='word_1_98' title='bbox 451 932 500 981; x_wconf 92' lang='grc'><strong><em>8,</em></strong></span> <span class='ocrx_word' id='word_1_99' title='bbox 525 932 581 971; x_wconf 97' lang='grc'><strong><em>41</em></strong></span> <span class='ocrx_word' id='word_1_100' title='bbox 618 928 697 971; x_wconf 91' lang='lat' dir='ltr'><strong><em>‘ut</em></strong></span> <span class='ocrx_word' id='word_1_101' title='bbox 726 929 851 983; x_wconf 88' lang='lat' dir='ltr'><strong><em>uidi,</em></strong></span> <span class='ocrx_word' id='word_1_102' title='bbox 882 932 935 972; x_wconf 86' lang='lat' dir='ltr'><strong><em>ut</em></strong></span> <span class='ocrx_word' id='word_1_103' title='bbox 957 930 1103 984; x_wconf 81' lang='lat' dir='ltr'><strong><em>perii,</em></strong></span> <span class='ocrx_word' id='word_1_104' title='bbox 1134 933 1187 972; x_wconf 88' lang='lat' dir='ltr'><strong><em>ut</em></strong></span> <span class='ocrx_word' id='word_1_105' title='bbox 1216 943 1283 973; x_wconf 88' lang='lat' dir='ltr'><strong><em>me</em></strong></span> <span class='ocrx_word' id='word_1_106' title='bbox 1313 930 1461 973; x_wconf 81' lang='lat' dir='ltr'><strong><em>malus</em></strong></span> <span class='ocrx_word' id='word_1_107' title='bbox 1493 929 1679 973; x_wconf 84' lang='lat' dir='ltr'><strong><em>abstulit</em></strong></span> <span class='ocrx_word' id='word_1_108' title='bbox 1707 931 1867 975; x_wconf 82' lang='lat' dir='ltr'><strong><em>error’.</em></strong></span> 
     </span>
    </p>

    <p class='ocr_par' dir='ltr' id='par_1_7' title="bbox 179 986 1430 1045">
     <span class='ocr_line' id='line_1_13' title="bbox 179 986 1430 1045; baseline 0 -13"><span class='ocrx_word' id='word_1_109' title='bbox 179 986 294 1032; x_wconf 87' lang='lat'>435:</span> <span class='ocrx_word' id='word_1_110' title='bbox 326 986 440 1030; x_wconf 89' lang='lat' dir='ltr'><strong><em>Aen.</em></strong></span> <span class='ocrx_word' id='word_1_111' title='bbox 476 993 522 1042; x_wconf 92' lang='lat'><strong><em>1,</em></strong></span> <span class='ocrx_word' id='word_1_112' title='bbox 557 991 611 1031; x_wconf 91' lang='grc'><strong>71</strong></span> <span class='ocrx_word' id='word_1_113' title='bbox 647 986 930 1043; x_wconf 74' lang='lat' dir='ltr'><strong>‘praestanti</strong></span> <span class='ocrx_word' id='word_1_114' title='bbox 960 1000 1143 1043; x_wconf 77' lang='lat' dir='ltr'><strong><em>corpore</em></strong></span> <span class='ocrx_word' id='word_1_115' title='bbox 1172 988 1430 1045; x_wconf 76' lang='lat' dir='ltr'><strong><em>nymphae&#39;.</em></strong></span> 
     </span>
    </p>

    <p class='ocr_par' dir='ltr' id='par_1_8' title="bbox 179 1044 1868 1160">
     <span class='ocr_line' id='line_1_14' title="bbox 179 1044 1868 1100; baseline 0.001 -10"><span class='ocrx_word' id='word_1_116' title='bbox 179 1044 295 1090; x_wconf 89' lang='lat'>437:</span> <span class='ocrx_word' id='word_1_117' title='bbox 327 1045 426 1089; x_wconf 90' lang='lat' dir='ltr'><strong><em>Ecl.</em></strong></span> <span class='ocrx_word' id='word_1_118' title='bbox 460 1050 538 1100; x_wconf 93' lang='lat'><strong><em>10,</em></strong></span> <span class='ocrx_word' id='word_1_119' title='bbox 571 1050 626 1092; x_wconf 85' lang='lat'><strong><em>69</em></strong></span> <span class='ocrx_word' id='word_1_120' title='bbox 670 1045 850 1090; x_wconf 82' lang='lat' dir='ltr'><strong><em>‘omnia</em></strong></span> <span class='ocrx_word' id='word_1_121' title='bbox 880 1047 1029 1090; x_wconf 86' lang='lat' dir='ltr'><strong><em>uincit</em></strong></span> <span class='ocrx_word' id='word_1_122' title='bbox 1059 1059 1206 1090; x_wconf 85' lang='lat' dir='ltr'><strong><em>amor:</em></strong></span> <span class='ocrx_word' id='word_1_123' title='bbox 1249 1050 1297 1090; x_wconf 87' lang='lat' dir='ltr'><strong><em>et</em></strong></span> <span class='ocrx_word' id='word_1_124' title='bbox 1334 1060 1417 1091; x_wconf 88' lang='lat' dir='ltr'><strong><em>nos</em></strong></span> <span class='ocrx_word' id='word_1_125' title='bbox 1450 1046 1667 1092; x_wconf 85' lang='lat' dir='ltr'><strong>cedamus</strong></span> <span class='ocrx_word' id='word_1_126' title='bbox 1699 1048 1868 1092; x_wconf 88' lang='lat' dir='ltr'><strong><em>amori:</em></strong></span> 
     </span>
     <span class='ocr_line' id='line_1_15' title="bbox 300 1104 1581 1160; baseline 0.002 -12"><span class='ocrx_word' id='word_1_127' title='bbox 300 1104 382 1148; x_wconf 91' lang='lat' dir='ltr'><strong><em>ecl.</em></strong></span> <span class='ocrx_word' id='word_1_128' title='bbox 418 1109 468 1158; x_wconf 88' lang='lat'><strong><em>2,</em></strong></span> <span class='ocrx_word' id='word_1_129' title='bbox 502 1109 558 1148; x_wconf 86' lang='lat'><strong><em>68</em></strong></span> <span class='ocrx_word' id='word_1_130' title='bbox 590 1117 736 1148; x_wconf 85' lang='lat' dir='ltr'><strong><em>amor:</em></strong></span> <span class='ocrx_word' id='word_1_131' title='bbox 769 1105 873 1160; x_wconf 76' lang='lat' dir='ltr'><strong><em>quis</em></strong></span> <span class='ocrx_word' id='word_1_132' title='bbox 903 1106 1022 1149; x_wconf 83' lang='lat' dir='ltr'><strong><em>enim</em></strong></span> <span class='ocrx_word' id='word_1_133' title='bbox 1051 1105 1215 1148; x_wconf 88' lang='lat' dir='ltr'><strong><em>modus</em></strong></span> <span class='ocrx_word' id='word_1_134' title='bbox 1247 1105 1370 1149; x_wconf 87' lang='lat' dir='ltr'><strong><em>adsit</em></strong></span> <span class='ocrx_word' id='word_1_135' title='bbox 1400 1105 1581 1151; x_wconf 87' lang='lat' dir='ltr'><strong><em>amori’.</em></strong></span> 
     </span>
    </p>

    <p class='ocr_par' dir='ltr' id='par_1_9' title="bbox 181 1161 1788 1219">
     <span class='ocr_line' id='line_1_16' title="bbox 181 1161 1788 1219; baseline 0.001 -13"><span class='ocrx_word' id='word_1_136' title='bbox 181 1161 295 1207; x_wconf 90' lang='lat'>442:</span> <span class='ocrx_word' id='word_1_137' title='bbox 333 1161 432 1206; x_wconf 85' lang='lat' dir='ltr'><strong><em>Cat.</em></strong></span> <span class='ocrx_word' id='word_1_138' title='bbox 468 1167 549 1219; x_wconf 87' lang='lat'><strong><em>64,</em></strong></span> <span class='ocrx_word' id='word_1_139' title='bbox 584 1166 666 1206; x_wconf 87' lang='lat'><strong><em>153</em></strong></span> <span class='ocrx_word' id='word_1_140' title='bbox 703 1162 879 1218; x_wconf 89' lang='lat' dir='ltr'><strong><em>‘neque</em></strong></span> <span class='ocrx_word' id='word_1_141' title='bbox 911 1164 1079 1208; x_wconf 84' lang='lat' dir='ltr'><strong><em>iniecta</em></strong></span> <span class='ocrx_word' id='word_1_142' title='bbox 1107 1164 1367 1208; x_wconf 84' lang='lat' dir='ltr'><strong><em>tumulabor</em></strong></span> <span class='ocrx_word' id='word_1_143' title='bbox 1398 1165 1581 1209; x_wconf 87' lang='lat' dir='ltr'><strong><em>mortua</em></strong></span> <span class='ocrx_word' id='word_1_144' title='bbox 1611 1164 1788 1209; x_wconf 85' lang='lat' dir='ltr'><strong><em>tellus&#39;.</em></strong></span> 
     </span>
    </p>

    <p class='ocr_par' dir='ltr' id='par_1_10' title="bbox 181 1220 1871 1336">
     <span class='ocr_line' id='line_1_17' title="bbox 181 1220 1871 1279; baseline 0.001 -13"><span class='ocrx_word' id='word_1_145' title='bbox 181 1220 296 1266; x_wconf 81' lang='lat'>444:</span> <span class='ocrx_word' id='word_1_146' title='bbox 331 1220 430 1265; x_wconf 88' lang='lat' dir='ltr'><strong><em>Cat.</em></strong></span> <span class='ocrx_word' id='word_1_147' title='bbox 465 1226 545 1276; x_wconf 89' lang='lat'><strong><em>64,</em></strong></span> <span class='ocrx_word' id='word_1_148' title='bbox 578 1225 662 1265; x_wconf 90' lang='lat'>160</span> <span class='ocrx_word' id='word_1_149' title='bbox 706 1221 784 1265; x_wconf 84' lang='lat' dir='ltr'><strong><em>‘at</em></strong></span> <span class='ocrx_word' id='word_1_150' title='bbox 821 1224 980 1266; x_wconf 88' lang='lat' dir='ltr'><strong><em>tamen</em></strong></span> <span class='ocrx_word' id='word_1_151' title='bbox 1013 1223 1062 1266; x_wconf 91' lang='lat' dir='ltr'><strong><em>in</em></strong></span> <span class='ocrx_word' id='word_1_152' title='bbox 1093 1223 1270 1266; x_wconf 84' lang='lat' dir='ltr'><strong><em>uestras</em></strong></span> <span class='ocrx_word' id='word_1_153' title='bbox 1300 1221 1495 1279; x_wconf 87' lang='lat' dir='ltr'><strong><em>potuisti</em></strong></span> <span class='ocrx_word' id='word_1_154' title='bbox 1526 1223 1693 1268; x_wconf 86' lang='lat' dir='ltr'><strong><em>ducere</em></strong></span> <span class='ocrx_word' id='word_1_155' title='bbox 1726 1223 1871 1279; x_wconf 88' lang='lat' dir='ltr'><strong><em>sedes,</em></strong></span> 
     </span>
     <span class='ocr_line' id='line_1_18' title="bbox 301 1279 1443 1336; baseline 0.003 -13"><span class='ocrx_word' id='word_1_156' title='bbox 301 1293 420 1336; x_wconf 88' lang='lat' dir='ltr'><strong><em>quae</em></strong></span> <span class='ocrx_word' id='word_1_157' title='bbox 451 1279 540 1324; x_wconf 86' lang='lat' dir='ltr'><strong><em>tibi</em></strong></span> <span class='ocrx_word' id='word_1_158' title='bbox 569 1280 770 1325; x_wconf 88' lang='lat' dir='ltr'><strong><em>iocundo</em></strong></span> <span class='ocrx_word' id='word_1_159' title='bbox 800 1281 1054 1335; x_wconf 81' lang='lat' dir='ltr'><strong><em>famularer</em></strong></span> <span class='ocrx_word' id='word_1_160' title='bbox 1084 1294 1218 1325; x_wconf 89' lang='lat' dir='ltr'><strong><em>serua</em></strong></span> <span class='ocrx_word' id='word_1_161' title='bbox 1247 1280 1443 1326; x_wconf 86' lang='lat' dir='ltr'><strong><em>labore’.</em></strong></span> 
     </span>
    </p>

    <p class='ocr_par' dir='ltr' id='par_1_11' title="bbox 180 1337 1869 1395">
     <span class='ocr_line' id='line_1_19' title="bbox 180 1337 1869 1395; baseline 0.002 -12"><span class='ocrx_word' id='word_1_162' title='bbox 180 1337 296 1384; x_wconf 81' lang='lat'>446:</span> <span class='ocrx_word' id='word_1_163' title='bbox 332 1337 498 1395; x_wconf 87' lang='lat' dir='ltr'><strong><em>Georg.</em></strong></span> <span class='ocrx_word' id='word_1_164' title='bbox 525 1343 574 1395; x_wconf 91' lang='lat'><strong><em>4,</em></strong></span> <span class='ocrx_word' id='word_1_165' title='bbox 593 1342 678 1382; x_wconf 89' lang='lat'><strong><em>348</em></strong></span> <span class='ocrx_word' id='word_1_166' title='bbox 714 1339 898 1395; x_wconf 80' lang='lat' dir='ltr'><strong><em>‘captae</em></strong></span> <span class='ocrx_word' id='word_1_167' title='bbox 929 1340 1040 1384; x_wconf 87' lang='lat' dir='ltr'><strong><em>dum</em></strong></span> <span class='ocrx_word' id='word_1_168' title='bbox 1069 1340 1190 1394; x_wconf 79' lang='lat' dir='ltr'><strong><em>fusis</em></strong></span> <span class='ocrx_word' id='word_1_169' title='bbox 1220 1340 1382 1384; x_wconf 88' lang='lat' dir='ltr'><strong><em>mollia</em></strong></span> <span class='ocrx_word' id='word_1_170' title='bbox 1404 1353 1552 1395; x_wconf 89' lang='lat' dir='ltr'><strong><em>pensa</em></strong></span> <span class='ocrx_word' id='word_1_171' title='bbox 1582 1341 1869 1386; x_wconf 85' lang='lat' dir='ltr'><strong><em>deuoluunt&#39;.</em></strong></span> 
     </span>
    </p>

    <p class='ocr_par' dir='ltr' id='par_1_12' title="bbox 180 1397 1871 1455">
     <span class='ocr_line' id='line_1_20' title="bbox 180 1397 1871 1455; baseline 0.001 -13"><span class='ocrx_word' id='word_1_172' title='bbox 180 1397 293 1442; x_wconf 80' lang='lat'>448:</span> <span class='ocrx_word' id='word_1_173' title='bbox 332 1397 431 1441; x_wconf 89' lang='lat' dir='ltr'><strong><em>Cat.</em></strong></span> <span class='ocrx_word' id='word_1_174' title='bbox 464 1402 542 1452; x_wconf 91' lang='lat'><strong><em>64,</em></strong></span> <span class='ocrx_word' id='word_1_175' title='bbox 577 1402 660 1441; x_wconf 88' lang='grc'><strong><em>189</em></strong></span> <span class='ocrx_word' id='word_1_176' title='bbox 704 1398 814 1441; x_wconf 88' lang='lat' dir='ltr'><strong><em>‘nec</em></strong></span> <span class='ocrx_word' id='word_1_177' title='bbox 851 1397 979 1455; x_wconf 85' lang='lat' dir='ltr'><strong><em>prius</em></strong></span> <span class='ocrx_word' id='word_1_178' title='bbox 1011 1412 1040 1442; x_wconf 91' lang='lat' dir='ltr'><strong><em>a</em></strong></span> <span class='ocrx_word' id='word_1_179' title='bbox 1069 1399 1184 1453; x_wconf 83' lang='lat' dir='ltr'><strong><em>fesso</em></strong></span> <span class='ocrx_word' id='word_1_180' title='bbox 1215 1398 1431 1443; x_wconf 84' lang='lat' dir='ltr'><strong><em>secedent</em></strong></span> <span class='ocrx_word' id='word_1_181' title='bbox 1462 1412 1645 1455; x_wconf 81' lang='lat' dir='ltr'><strong><em>corpore</em></strong></span> <span class='ocrx_word' id='word_1_182' title='bbox 1676 1400 1871 1444; x_wconf 84' lang='lat' dir='ltr'><strong><em>sensus&#39;.</em></strong></span> 
     </span>
    </p>

    <p class='ocr_par' dir='ltr' id='par_1_13' title="bbox 181 1455 1601 1513">
     <span class='ocr_line' id='line_1_21' title="bbox 181 1455 1601 1513; baseline -0.001 -12"><span class='ocrx_word' id='word_1_183' title='bbox 181 1456 297 1501; x_wconf 92' lang='lat'>451:</span> <span class='ocrx_word' id='word_1_184' title='bbox 330 1455 443 1501; x_wconf 91' lang='lat' dir='ltr'><strong><em>Aen.</em></strong></span> <span class='ocrx_word' id='word_1_185' title='bbox 477 1461 526 1511; x_wconf 90' lang='lat'><strong><em>3,</em></strong></span> <span class='ocrx_word' id='word_1_186' title='bbox 558 1461 644 1500; x_wconf 83' lang='lat'><strong><em>427</em></strong></span> <span class='ocrx_word' id='word_1_187' title='bbox 680 1455 940 1512; x_wconf 89' lang='lat' dir='ltr'><strong><em>‘postremo</em></strong></span> <span class='ocrx_word' id='word_1_188' title='bbox 971 1458 1152 1500; x_wconf 86' lang='lat' dir='ltr'><strong><em>inmani</em></strong></span> <span class='ocrx_word' id='word_1_189' title='bbox 1184 1470 1367 1513; x_wconf 84' lang='lat' dir='ltr'><strong><em>corpore</em></strong></span> <span class='ocrx_word' id='word_1_190' title='bbox 1394 1458 1601 1512; x_wconf 62' lang='lat' dir='ltr'><strong><em>piDtrioe&#39;.</em></strong></span> 
     </span>
    </p>

    <p class='ocr_par' dir='ltr' id='par_1_14' title="bbox 181 1514 1871 1571">
     <span class='ocr_line' id='line_1_22' title="bbox 181 1514 1871 1571; baseline 0.002 -12"><span class='ocrx_word' id='word_1_191' title='bbox 181 1514 300 1559; x_wconf 87' lang='lat'>470:</span> <span class='ocrx_word' id='word_1_192' title='bbox 330 1514 445 1559; x_wconf 86' lang='lat' dir='ltr'><strong><em>Aen.</em></strong></span> <span class='ocrx_word' id='word_1_193' title='bbox 472 1520 512 1569; x_wconf 88' lang='lat'><strong><em>3,</em></strong></span> <span class='ocrx_word' id='word_1_194' title='bbox 538 1519 625 1559; x_wconf 83' lang='lat'>554</span> <span class='ocrx_word' id='word_1_195' title='bbox 660 1514 777 1558; x_wconf 79' lang='lat' dir='ltr'><strong><em>‘tum</em></strong></span> <span class='ocrx_word' id='word_1_196' title='bbox 796 1517 963 1571; x_wconf 83' lang='lat' dir='ltr'><strong><em>procul</em></strong></span> <span class='ocrx_word' id='word_1_197' title='bbox 986 1530 1008 1559; x_wconf 89' lang='lat' dir='ltr'><strong><em>e</em></strong></span> <span class='ocrx_word' id='word_1_198' title='bbox 1030 1518 1174 1570; x_wconf 74' lang='lat' dir='ltr'><strong><em>fluctu</em></strong></span> <span class='ocrx_word' id='word_1_199' title='bbox 1198 1515 1435 1560; x_wconf 83' lang='lat' dir='ltr'><strong><em>Trinacria</em></strong></span> <span class='ocrx_word' id='word_1_200' title='bbox 1458 1516 1660 1560; x_wconf 84' lang='lat' dir='ltr'><strong><em>cernitur</em></strong></span> <span class='ocrx_word' id='word_1_201' title='bbox 1683 1516 1871 1562; x_wconf 87' lang='lat' dir='ltr'><strong><em>Aetna&#39;.</em></strong></span> 
     </span>
    </p>

    <p class='ocr_par' dir='ltr' id='par_1_15' title="bbox 181 1573 1873 1689">
     <span class='ocr_line' id='line_1_23' title="bbox 181 1573 1873 1631; baseline 0.001 -13"><span class='ocrx_word' id='word_1_202' title='bbox 181 1573 276 1618; x_wconf 92' lang='lat'><strong><em>473</em></strong></span> <span class='ocrx_word' id='word_1_203' title='bbox 300 1588 388 1629; x_wconf 87' lang='lat' dir='ltr'><strong><em>sq.:</em></strong></span> <span class='ocrx_word' id='word_1_204' title='bbox 420 1577 535 1618; x_wconf 89' lang='lat' dir='ltr'><strong><em>Aen.</em></strong></span> <span class='ocrx_word' id='word_1_205' title='bbox 561 1578 612 1629; x_wconf 88' lang='lat'><strong><em>3,</em></strong></span> <span class='ocrx_word' id='word_1_206' title='bbox 640 1578 693 1617; x_wconf 85' lang='grc'><strong>73</strong></span> <span class='ocrx_word' id='word_1_207' title='bbox 729 1573 886 1617; x_wconf 86' lang='lat' dir='ltr'><strong><em>‘sacra</em></strong></span> <span class='ocrx_word' id='word_1_208' title='bbox 915 1574 1033 1618; x_wconf 89' lang='lat' dir='ltr'><strong><em>mari</em></strong></span> <span class='ocrx_word' id='word_1_209' title='bbox 1064 1573 1231 1618; x_wconf 86' lang='lat' dir='ltr'><strong><em>colitur</em></strong></span> <span class='ocrx_word' id='word_1_210' title='bbox 1254 1575 1408 1618; x_wconf 87' lang='lat' dir='ltr'><strong><em>medio</em></strong></span> <span class='ocrx_word' id='word_1_211' title='bbox 1438 1576 1701 1631; x_wconf 60' lang='lat' dir='ltr'><strong><em>gyratis-sima</em></strong></span> <span class='ocrx_word' id='word_1_212' title='bbox 1730 1575 1873 1620; x_wconf 84' lang='lat' dir='ltr'><strong><em>tellus</em></strong></span> 
     </span>
     <span class='ocr_line' id='line_1_24' title="bbox 298 1631 1281 1689; baseline 0.001 -13"><span class='ocrx_word' id='word_1_213' title='bbox 298 1631 548 1676; x_wconf 79' lang='lat' dir='ltr'><strong><em>Nereidum</em></strong></span> <span class='ocrx_word' id='word_1_214' title='bbox 578 1633 720 1676; x_wconf 85' lang='lat' dir='ltr'><strong><em>matri</em></strong></span> <span class='ocrx_word' id='word_1_215' title='bbox 750 1636 791 1675; x_wconf 88' lang='lat' dir='ltr'><strong><em>et</em></strong></span> <span class='ocrx_word' id='word_1_216' title='bbox 819 1632 1038 1688; x_wconf 78' lang='lat' dir='ltr'><strong><em>Neptuno</em></strong></span> <span class='ocrx_word' id='word_1_217' title='bbox 1068 1632 1281 1689; x_wconf 73' lang='lat' dir='ltr'><strong><em>Aeqaeo’.</em></strong></span> 
     </span>
    </p>

    <p class='ocr_par' dir='ltr' id='par_1_16' title="bbox 182 1691 1871 1748">
     <span class='ocr_line' id='line_1_25' title="bbox 182 1691 1871 1748; baseline 0.001 -14"><span class='ocrx_word' id='word_1_218' title='bbox 182 1691 300 1734; x_wconf 90' lang='lat'>475:</span> <span class='ocrx_word' id='word_1_219' title='bbox 334 1691 446 1734; x_wconf 87' lang='lat' dir='ltr'><strong><em>Aen.</em></strong></span> <span class='ocrx_word' id='word_1_220' title='bbox 474 1694 522 1746; x_wconf 82' lang='lat'><strong><em>5,</em></strong></span> <span class='ocrx_word' id='word_1_221' title='bbox 550 1694 636 1734; x_wconf 86' lang='lat'><strong><em>124</em></strong></span> <span class='ocrx_word' id='word_1_222' title='bbox 671 1691 964 1746; x_wconf 78' lang='lat' dir='ltr'><strong><em>‘spumantia</em></strong></span> <span class='ocrx_word' id='word_1_223' title='bbox 988 1692 1149 1735; x_wconf 89' lang='lat' dir='ltr'><strong><em>contra</em></strong></span> <span class='ocrx_word' id='word_1_224' title='bbox 1180 1692 1335 1735; x_wconf 82' lang='lat' dir='ltr'><strong><em>litora&#39;</em></strong></span> <span class='ocrx_word' id='word_1_225' title='bbox 1364 1691 1438 1746; x_wconf 88' lang='lat' dir='ltr'><strong><em>(cf.</em></strong></span> <span class='ocrx_word' id='word_1_226' title='bbox 1466 1694 1514 1735; x_wconf 86' lang='lat' dir='ltr'><strong><em>et</em></strong></span> <span class='ocrx_word' id='word_1_227' title='bbox 1530 1691 1628 1737; x_wconf 85' lang='lat' dir='ltr'><strong><em>Cat.</em></strong></span> <span class='ocrx_word' id='word_1_228' title='bbox 1656 1696 1725 1748; x_wconf 89' lang='lat'><strong><em>64,</em></strong></span> <span class='ocrx_word' id='word_1_229' title='bbox 1755 1694 1871 1747; x_wconf 82' lang='lat'>121).</span> 
     </span>
    </p>

    <p class='ocr_par' dir='ltr' id='par_1_17' title="bbox 182 1748 1874 1982">
     <span class='ocr_line' id='line_1_26' title="bbox 182 1748 1873 1807; baseline 0.001 -14"><span class='ocrx_word' id='word_1_230' title='bbox 182 1748 278 1793; x_wconf 81' lang='grc'><strong><em>476</em></strong></span> <span class='ocrx_word' id='word_1_231' title='bbox 303 1763 426 1805; x_wconf 84' lang='lat' dir='ltr'><strong><em>sqq.:</em></strong></span> <span class='ocrx_word' id='word_1_232' title='bbox 459 1748 573 1793; x_wconf 90' lang='lat' dir='ltr'><strong><em>Aen.</em></strong></span> <span class='ocrx_word' id='word_1_233' title='bbox 608 1754 657 1805; x_wconf 89' lang='lat'><strong><em>3,</em></strong></span> <span class='ocrx_word' id='word_1_234' title='bbox 692 1753 797 1793; x_wconf 89' lang='lat'>124:</span> <span class='ocrx_word' id='word_1_235' title='bbox 841 1750 1116 1806; x_wconf 76' lang='lat' dir='ltr'><strong><em>‘linquimus</em></strong></span> <span class='ocrx_word' id='word_1_236' title='bbox 1157 1749 1377 1807; x_wconf 77' lang='lat' dir='ltr'><strong><em>Ortygiae</em></strong></span> <span class='ocrx_word' id='word_1_237' title='bbox 1415 1753 1578 1806; x_wconf 85' lang='lat' dir='ltr'><strong><em>portus</em></strong></span> <span class='ocrx_word' id='word_1_238' title='bbox 1612 1750 1873 1807; x_wconf 83' lang='lat' dir='ltr'>pelagoque</span> 
     </span>
     <span class='ocr_line' id='line_1_27' title="bbox 300 1806 1874 1865; baseline 0.002 -14"><span class='ocrx_word' id='word_1_239' title='bbox 300 1807 513 1851; x_wconf 87' lang='lat' dir='ltr'><strong><em>uolamus</em></strong></span> <span class='ocrx_word' id='word_1_240' title='bbox 543 1806 920 1865; x_wconf 89' lang='lat' dir='ltr'><strong><em>Bacchatamque</em></strong></span> <span class='ocrx_word' id='word_1_241' title='bbox 951 1808 1073 1865; x_wconf 86' lang='lat' dir='ltr'><strong><em>iugis</em></strong></span> <span class='ocrx_word' id='word_1_242' title='bbox 1105 1807 1289 1852; x_wconf 84' lang='lat' dir='ltr'><strong><em>Naxum</em></strong></span> <span class='ocrx_word' id='word_1_243' title='bbox 1320 1810 1602 1865; x_wconf 79' lang='lat' dir='ltr'><strong><em>uiridemque</em></strong></span> <span class='ocrx_word' id='word_1_244' title='bbox 1631 1808 1874 1854; x_wconf 82' lang='lat' dir='ltr'><strong><em>Donusam</em></strong></span> 
     </span>
     <span class='ocr_line' id='line_1_28' title="bbox 302 1865 1874 1924; baseline 0.001 -13"><span class='ocrx_word' id='word_1_245' title='bbox 302 1865 520 1911; x_wconf 88' lang='lat' dir='ltr'><strong><em>Olearum</em></strong></span> <span class='ocrx_word' id='word_1_246' title='bbox 542 1865 822 1922; x_wconf 87' lang='lat' dir='ltr'><strong><em>niueamque</em></strong></span> <span class='ocrx_word' id='word_1_247' title='bbox 847 1867 1026 1911; x_wconf 80' lang='lat' dir='ltr'><strong><em>Parum</em></strong></span> <span class='ocrx_word' id='word_1_248' title='bbox 1049 1880 1321 1923; x_wconf 85' lang='lat' dir='ltr'><strong><em>sparsasque</em></strong></span> <span class='ocrx_word' id='word_1_249' title='bbox 1344 1881 1428 1924; x_wconf 87' lang='lat' dir='ltr'><strong><em>per</em></strong></span> <span class='ocrx_word' id='word_1_250' title='bbox 1450 1881 1624 1924; x_wconf 89' lang='lat' dir='ltr'><strong><em>aequor</em></strong></span> <span class='ocrx_word' id='word_1_251' title='bbox 1647 1867 1874 1924; x_wconf 80' lang='lat' dir='ltr'><strong><em>Cycladas</em></strong></span> 
     </span>
     <span class='ocr_line' id='line_1_29' title="bbox 302 1924 1346 1982; baseline 0.003 -14"><span class='ocrx_word' id='word_1_252' title='bbox 302 1926 351 1969; x_wconf 90' lang='lat' dir='ltr'><strong><em>et</em></strong></span> <span class='ocrx_word' id='word_1_253' title='bbox 381 1924 553 1969; x_wconf 81' lang='lat' dir='ltr'><strong><em>crebris</em></strong></span> <span class='ocrx_word' id='word_1_254' title='bbox 584 1924 783 1982; x_wconf 86' lang='lat' dir='ltr'><strong><em>legimus</em></strong></span> <span class='ocrx_word' id='word_1_255' title='bbox 813 1925 935 1970; x_wconf 84' lang='lat' dir='ltr'><strong><em>freta</em></strong></span> <span class='ocrx_word' id='word_1_256' title='bbox 967 1926 1147 1970; x_wconf 79' lang='lat' dir='ltr'><strong><em>consita</em></strong></span> <span class='ocrx_word' id='word_1_257' title='bbox 1175 1926 1346 1971; x_wconf 87' lang='lat' dir='ltr'><strong><em>terris’.</em></strong></span> 
     </span>
    </p>

    <p class='ocr_par' dir='ltr' id='par_1_18' title="bbox 182 1981 1873 2042">
     <span class='ocr_line' id='line_1_30' title="bbox 182 1981 1873 2042; baseline 0.001 -13"><span class='ocrx_word' id='word_1_258' title='bbox 182 1983 296 2029; x_wconf 80' lang='lat'>499:</span> <span class='ocrx_word' id='word_1_259' title='bbox 330 1981 495 2040; x_wconf 83' lang='lat' dir='ltr'><strong><em>Georg.</em></strong></span> <span class='ocrx_word' id='word_1_260' title='bbox 512 1983 556 2027; x_wconf 94' lang='lat' dir='ltr'><strong><em>II</em></strong></span> <span class='ocrx_word' id='word_1_261' title='bbox 576 1988 631 2027; x_wconf 90' lang='grc'><strong><em>74</em></strong></span> <span class='ocrx_word' id='word_1_262' title='bbox 658 1984 671 2005; x_wconf 91' lang='lat'><strong><em>‘</em></strong></span> <span class='ocrx_word' id='word_1_263' title='bbox 684 1998 791 2028; x_wconf 88' lang='lat' dir='ltr'><strong><em>nam</em></strong></span> <span class='ocrx_word' id='word_1_264' title='bbox 811 1999 903 2042; x_wconf 75' lang='lat' dir='ltr'><strong><em>qua</em></strong></span> <span class='ocrx_word' id='word_1_265' title='bbox 917 1998 962 2029; x_wconf 88' lang='lat' dir='ltr'><strong><em>se</em></strong></span> <span class='ocrx_word' id='word_1_266' title='bbox 976 1985 1120 2029; x_wconf 88' lang='lat' dir='ltr'><strong><em>medio</em></strong></span> <span class='ocrx_word' id='word_1_267' title='bbox 1143 1984 1337 2028; x_wconf 85' lang='lat' dir='ltr'><strong><em>tradunt</em></strong></span> <span class='ocrx_word' id='word_1_268' title='bbox 1359 1984 1416 2030; x_wconf 89' lang='lat' dir='ltr'><strong><em>de</em></strong></span> <span class='ocrx_word' id='word_1_269' title='bbox 1433 1984 1605 2029; x_wconf 83' lang='lat' dir='ltr'><strong><em>cortice</em></strong></span> <span class='ocrx_word' id='word_1_270' title='bbox 1622 1985 1873 2041; x_wconf 86' lang='lat' dir='ltr'><strong><em>gemmae’.</em></strong></span> 
     </span>
    </p>

    <p class='ocr_par' dir='ltr' id='par_1_19' title="bbox 183 2041 1871 2147">
     <span class='ocr_line' id='line_1_31' title="bbox 183 2041 1871 2099; baseline 0.001 -12"><span class='ocrx_word' id='word_1_271' title='bbox 183 2042 298 2088; x_wconf 91' lang='lat'>511:</span> <span class='ocrx_word' id='word_1_272' title='bbox 334 2041 431 2087; x_wconf 84' lang='lat' dir='ltr'><strong><em>Cat.</em></strong></span> <span class='ocrx_word' id='word_1_273' title='bbox 468 2047 544 2098; x_wconf 92' lang='lat'><strong><em>64,</em></strong></span> <span class='ocrx_word' id='word_1_274' title='bbox 571 2047 625 2086; x_wconf 90' lang='lat'>63</span> <span class='ocrx_word' id='word_1_275' title='bbox 663 2042 783 2087; x_wconf 89' lang='lat' dir='ltr'><strong><em>‘non</em></strong></span> <span class='ocrx_word' id='word_1_276' title='bbox 811 2045 936 2099; x_wconf 78' lang='lat' dir='ltr'><strong><em>flauo</em></strong></span> <span class='ocrx_word' id='word_1_277' title='bbox 966 2044 1163 2088; x_wconf 84' lang='lat' dir='ltr'><strong><em>retinens</em></strong></span> <span class='ocrx_word' id='word_1_278' title='bbox 1194 2043 1412 2087; x_wconf 89' lang='lat' dir='ltr'><strong><em>subtilem</em></strong></span> <span class='ocrx_word' id='word_1_279' title='bbox 1441 2044 1608 2088; x_wconf 81' lang='lat' dir='ltr'><strong><em>uertice</em></strong></span> <span class='ocrx_word' id='word_1_280' title='bbox 1637 2044 1871 2099; x_wconf 78' lang='lat' dir='ltr'><strong><em>mitram&#39;3</em></strong></span> 
     </span>
     <span class='ocr_line' id='line_1_32' title="bbox 301 2101 1661 2147; baseline 0.002 -3"><span class='ocrx_word' id='word_1_281' title='bbox 301 2101 363 2144; x_wconf 89' lang='lat' dir='ltr'><strong><em>ib.</em></strong></span> <span class='ocrx_word' id='word_1_282' title='bbox 398 2106 482 2145; x_wconf 88' lang='grc'><strong><em>309</em></strong></span> <span class='ocrx_word' id='word_1_283' title='bbox 519 2101 533 2122; x_wconf 92' lang='lat'><strong><em>‘</em></strong></span> <span class='ocrx_word' id='word_1_284' title='bbox 550 2103 599 2145; x_wconf 87' lang='lat' dir='ltr'><strong><em>at</em></strong></span> <span class='ocrx_word' id='word_1_285' title='bbox 630 2115 791 2146; x_wconf 81' lang='lat' dir='ltr'><strong><em>roseae</em></strong></span> <span class='ocrx_word' id='word_1_286' title='bbox 821 2102 959 2147; x_wconf 88' lang='lat' dir='ltr'><strong><em>niueo</em></strong></span> <span class='ocrx_word' id='word_1_287' title='bbox 989 2101 1256 2146; x_wconf 76' lang='lat' dir='ltr'><strong><em>residebant</em></strong></span> <span class='ocrx_word' id='word_1_288' title='bbox 1285 2103 1453 2147; x_wconf 82' lang='lat' dir='ltr'><strong><em>uertice</em></strong></span> <span class='ocrx_word' id='word_1_289' title='bbox 1482 2102 1661 2147; x_wconf 88' lang='lat' dir='ltr'><strong><em>uittae’.</em></strong></span> 
     </span>
    </p>

    <p class='ocr_par' dir='ltr' id='par_1_20' title="bbox 183 2158 1871 2276">
     <span class='ocr_line' id='line_1_33' title="bbox 183 2158 1870 2218; baseline 0.001 -14"><span class='ocrx_word' id='word_1_290' title='bbox 183 2158 298 2204; x_wconf 91' lang='lat'>512:</span> <span class='ocrx_word' id='word_1_291' title='bbox 332 2159 431 2205; x_wconf 85' lang='lat' dir='ltr'><strong><em>Cat.</em></strong></span> <span class='ocrx_word' id='word_1_292' title='bbox 452 2163 622 2215; x_wconf 90' lang='lat'>68,144</span> <span class='ocrx_word' id='word_1_293' title='bbox 640 2160 655 2181; x_wconf 93' lang='lat'><strong><em>‘</em></strong></span> <span class='ocrx_word' id='word_1_294' title='bbox 667 2160 949 2218; x_wconf 72' lang='lat' dir='ltr'><strong><em>fraqrantem</em></strong></span> <span class='ocrx_word' id='word_1_295' title='bbox 965 2160 1159 2218; x_wconf 77' lang='lat' dir='ltr'><strong><em>Assyrio</em></strong></span> <span class='ocrx_word' id='word_1_296' title='bbox 1176 2161 1308 2205; x_wconf 89' lang='lat' dir='ltr'><strong><em>uenit</em></strong></span> <span class='ocrx_word' id='word_1_297' title='bbox 1323 2161 1463 2206; x_wconf 86' lang='lat' dir='ltr'><strong><em>odore</em></strong></span> <span class='ocrx_word' id='word_1_298' title='bbox 1482 2161 1688 2206; x_wconf 88' lang='lat' dir='ltr'><strong><em>domum&#39;</em></strong></span> <span class='ocrx_word' id='word_1_299' title='bbox 1703 2179 1714 2215; x_wconf 89' lang='lat'>;</span> <span class='ocrx_word' id='word_1_300' title='bbox 1731 2161 1870 2218; x_wconf 85' lang='lat' dir='ltr'><strong><em>Verg.</em></strong></span> 
     </span>
     <span class='ocr_line' id='line_1_34' title="bbox 293 2218 1871 2276; baseline 0.003 -16"><span class='ocrx_word' id='word_1_301' title='bbox 293 2218 1871 2276; x_wconf 84' lang='lat' dir='ltr'><strong><em>Aen.11,567‘nonillumtectisullae,nonmoenibusurbesaccepere&#39;.</em></strong></span> 
     </span>
    </p>

    <p class='ocr_par' dir='ltr' id='par_1_21' title="bbox 184 2275 1103 2335">
     <span class='ocr_line' id='line_1_35' title="bbox 184 2275 1103 2335; baseline 0.002 -15"><span class='ocrx_word' id='word_1_302' title='bbox 184 2275 299 2321; x_wconf 87' lang='lat'>514:</span> <span class='ocrx_word' id='word_1_303' title='bbox 332 2275 430 2320; x_wconf 90' lang='lat' dir='ltr'><strong><em>Cat.</em></strong></span> <span class='ocrx_word' id='word_1_304' title='bbox 465 2281 543 2333; x_wconf 89' lang='lat'><strong><em>64,</em></strong></span> <span class='ocrx_word' id='word_1_305' title='bbox 578 2283 632 2323; x_wconf 92' lang='lat'>18</span> <span class='ocrx_word' id='word_1_306' title='bbox 668 2278 717 2322; x_wconf 88' lang='lat' dir='ltr'><strong><em>‘e</em></strong></span> <span class='ocrx_word' id='word_1_307' title='bbox 745 2280 924 2335; x_wconf 75' lang='lat' dir='ltr'><strong><em>yurqite</em></strong></span> <span class='ocrx_word' id='word_1_308' title='bbox 955 2279 1103 2323; x_wconf 88' lang='lat' dir='ltr'><strong><em>cano&#39;.</em></strong></span> 
     </span>
    </p>

    <p class='ocr_par' dir='ltr' id='par_1_22' title="bbox 184 2334 1796 2393">
     <span class='ocr_line' id='line_1_36' title="bbox 184 2334 1796 2393; baseline 0.002 -14"><span class='ocrx_word' id='word_1_309' title='bbox 184 2335 299 2379; x_wconf 84' lang='lat'>516:</span> <span class='ocrx_word' id='word_1_310' title='bbox 333 2334 500 2392; x_wconf 83' lang='lat' dir='ltr'><strong><em>Georg.</em></strong></span> <span class='ocrx_word' id='word_1_311' title='bbox 533 2340 582 2392; x_wconf 90' lang='lat'><strong><em>4,</em></strong></span> <span class='ocrx_word' id='word_1_312' title='bbox 615 2341 701 2380; x_wconf 86' lang='lat'><strong><em>431</em></strong></span> <span class='ocrx_word' id='word_1_313' title='bbox 739 2337 979 2381; x_wconf 84' lang='lat' dir='ltr'><strong><em>‘exultans</em></strong></span> <span class='ocrx_word' id='word_1_314' title='bbox 1010 2350 1156 2382; x_wconf 82' lang='lat' dir='ltr'><strong><em>rorem</em></strong></span> <span class='ocrx_word' id='word_1_315' title='bbox 1175 2337 1277 2387; x_wconf 79' lang='lat' dir='ltr'><strong><em>¹late</em></strong></span> <span class='ocrx_word' id='word_1_316' title='bbox 1306 2337 1520 2393; x_wconf 78' lang='lat' dir='ltr'><strong><em>dispersit</em></strong></span> <span class='ocrx_word' id='word_1_317' title='bbox 1550 2338 1796 2383; x_wconf 86' lang='lat' dir='ltr'><strong><em>amarum&#39;.</em></strong></span> 
     </span>
    </p>

    <p class='ocr_par' dir='ltr' id='par_1_23' title="bbox 184 2393 1874 2509">
     <span class='ocr_line' id='line_1_37' title="bbox 184 2393 1874 2454; baseline 0.002 -16"><span class='ocrx_word' id='word_1_318' title='bbox 184 2393 298 2438; x_wconf 86' lang='lat'>518:</span> <span class='ocrx_word' id='word_1_319' title='bbox 331 2395 446 2438; x_wconf 89' lang='lat' dir='ltr'><strong><em>Aen.</em></strong></span> <span class='ocrx_word' id='word_1_320' title='bbox 488 2398 564 2450; x_wconf 90' lang='lat'><strong><em>11,</em></strong></span> <span class='ocrx_word' id='word_1_321' title='bbox 606 2398 691 2438; x_wconf 87' lang='grc'><strong><em>569</em></strong></span> <span class='ocrx_word' id='word_1_322' title='bbox 734 2395 868 2440; x_wconf 87' lang='lat' dir='ltr'><strong><em>‘solis</em></strong></span> <span class='ocrx_word' id='word_1_323' title='bbox 897 2397 1043 2453; x_wconf 70' lang='lat' dir='ltr'><strong><em>eoeeyit</em></strong></span> <span class='ocrx_word' id='word_1_324' title='bbox 1072 2395 1306 2440; x_wconf 87' lang='lat' dir='ltr'><strong><em>montibus</em></strong></span> <span class='ocrx_word' id='word_1_325' title='bbox 1338 2396 1544 2450; x_wconf 73' lang='lat' dir='ltr'><strong><em>aeuum&#39;:</em></strong></span> <span class='ocrx_word' id='word_1_326' title='bbox 1585 2397 1669 2442; x_wconf 87' lang='lat' dir='ltr'><strong><em>ecl.</em></strong></span> <span class='ocrx_word' id='word_1_327' title='bbox 1706 2401 1782 2454; x_wconf 88' lang='lat'><strong><em>10,</em></strong></span> <span class='ocrx_word' id='word_1_328' title='bbox 1818 2402 1874 2441; x_wconf 92' lang='grc'><strong><em>14</em></strong></span> 
     </span>
     <span class='ocr_line' id='line_1_38' title="bbox 308 2452 728 2509; baseline 0.005 -13"><span class='ocrx_word' id='word_1_329' title='bbox 308 2452 432 2496; x_wconf 84' lang='lat' dir='ltr'><strong><em>‘sola</em></strong></span> <span class='ocrx_word' id='word_1_330' title='bbox 463 2452 549 2496; x_wconf 88' lang='lat' dir='ltr'><strong><em>sub</em></strong></span> <span class='ocrx_word' id='word_1_331' title='bbox 580 2454 728 2509; x_wconf 86' lang='lat' dir='ltr'><strong><em>rupe&#39;.</em></strong></span> 
     </span>
    </p>

    <p class='ocr_par' dir='ltr' id='par_1_24' title="bbox 184 2509 1871 2570">
     <span class='ocr_line' id='line_1_39' title="bbox 184 2509 1871 2570; baseline 0.002 -14"><span class='ocrx_word' id='word_1_332' title='bbox 184 2510 300 2556; x_wconf 90' lang='lat'>521:</span> <span class='ocrx_word' id='word_1_333' title='bbox 334 2509 431 2555; x_wconf 81' lang='lat' dir='ltr'><strong><em>Cat.</em></strong></span> <span class='ocrx_word' id='word_1_334' title='bbox 460 2515 538 2567; x_wconf 87' lang='lat'><strong><em>66,</em></strong></span> <span class='ocrx_word' id='word_1_335' title='bbox 565 2517 587 2555; x_wconf 95' lang='lat'>1</span> <span class='ocrx_word' id='word_1_336' title='bbox 619 2511 801 2557; x_wconf 84' lang='lat' dir='ltr'><strong><em>‘omnia</em></strong></span> <span class='ocrx_word' id='word_1_337' title='bbox 830 2513 910 2569; x_wconf 76' lang='lat' dir='ltr'><strong><em>qui</em></strong></span> <span class='ocrx_word' id='word_1_338' title='bbox 940 2547 950 2557; x_wconf 90' lang='lat'><strong>.</strong></span> <span class='ocrx_word' id='word_1_339' title='bbox 985 2549 995 2559; x_wconf 91' lang='lat'><em>.</em></span> <span class='ocrx_word' id='word_1_340' title='bbox 1030 2547 1039 2556; x_wconf 93' lang='lat'><strong>.</strong></span> <span class='ocrx_word' id='word_1_341' title='bbox 1071 2513 1304 2558; x_wconf 81' lang='lat' dir='ltr'><strong><em>stellarum</em></strong></span> <span class='ocrx_word' id='word_1_342' title='bbox 1335 2514 1463 2558; x_wconf 87' lang='lat' dir='ltr'><strong><em>ortus</em></strong></span> <span class='ocrx_word' id='word_1_343' title='bbox 1496 2513 1739 2570; x_wconf 84' lang='lat' dir='ltr'><strong><em>comperit’</em></strong></span> <span class='ocrx_word' id='word_1_344' title='bbox 1775 2528 1871 2570; x_wconf 80' lang='lat' dir='ltr'><strong><em>eqs.</em></strong></span> 
     </span>
    </p>

    <p class='ocr_par' dir='ltr' id='par_1_25' title="bbox 184 2568 1874 2686">
     <span class='ocr_line' id='line_1_40' title="bbox 184 2568 1874 2628; baseline 0.002 -15"><span class='ocrx_word' id='word_1_345' title='bbox 184 2569 300 2614; x_wconf 86' lang='lat'>524:</span> <span class='ocrx_word' id='word_1_346' title='bbox 335 2568 433 2613; x_wconf 85' lang='lat' dir='ltr'><strong><em>Cat.</em></strong></span> <span class='ocrx_word' id='word_1_347' title='bbox 461 2574 542 2626; x_wconf 91' lang='grc'><strong>76,</strong></span> <span class='ocrx_word' id='word_1_348' title='bbox 561 2575 616 2615; x_wconf 87' lang='grc'><strong><em>26</em></strong></span> <span class='ocrx_word' id='word_1_349' title='bbox 651 2571 760 2627; x_wconf 81' lang='lat' dir='ltr'><strong><em>‘pro</em></strong></span> <span class='ocrx_word' id='word_1_350' title='bbox 782 2573 954 2627; x_wconf 81' lang='lat' dir='ltr'><strong><em>pietate</em></strong></span> <span class='ocrx_word' id='word_1_351' title='bbox 983 2571 1131 2627; x_wconf 82' lang='lat' dir='ltr'><strong><em>mea’3</em></strong></span> <span class='ocrx_word' id='word_1_352' title='bbox 1163 2571 1276 2616; x_wconf 87' lang='lat' dir='ltr'><strong><em>Aen.</em></strong></span> <span class='ocrx_word' id='word_1_353' title='bbox 1303 2575 1354 2628; x_wconf 91' lang='lat'><strong><em>3,</em></strong></span> <span class='ocrx_word' id='word_1_354' title='bbox 1378 2576 1436 2617; x_wconf 88' lang='grc'><strong><em>20</em></strong></span> <span class='ocrx_word' id='word_1_355' title='bbox 1470 2571 1702 2617; x_wconf 83' lang='lat' dir='ltr'><strong><em>‘nitentem</em></strong></span> <span class='ocrx_word' id='word_1_356' title='bbox 1735 2573 1874 2618; x_wconf 80' lang='lat' dir='ltr'><strong><em>caeli-</em></strong></span> 
     </span>
     <span class='ocr_line' id='line_1_41' title="bbox 305 2628 1384 2686; baseline 0.004 -14"><span class='ocrx_word' id='word_1_357' title='bbox 305 2628 459 2672; x_wconf 88' lang='lat' dir='ltr'><strong><em>colum</em></strong></span> <span class='ocrx_word' id='word_1_358' title='bbox 489 2629 590 2686; x_wconf 86' lang='lat' dir='ltr'><strong><em>regi</em></strong></span> <span class='ocrx_word' id='word_1_359' title='bbox 620 2630 886 2674; x_wconf 73' lang='lat' dir='ltr'><strong><em>mactabam</em></strong></span> <span class='ocrx_word' id='word_1_360' title='bbox 916 2629 965 2673; x_wconf 93' lang='lat' dir='ltr'><strong><em>in</em></strong></span> <span class='ocrx_word' id='word_1_361' title='bbox 995 2628 1132 2674; x_wconf 85' lang='lat' dir='ltr'><strong><em>litore</em></strong></span> <span class='ocrx_word' id='word_1_362' title='bbox 1164 2631 1384 2676; x_wconf 84' lang='lat' dir='ltr'><strong><em>taurum&#39;.</em></strong></span> 
     </span>
    </p>

    <p class='ocr_par' dir='ltr' id='par_1_26' title="bbox 185 2685 1877 2792">
     <span class='ocr_line' id='line_1_42' title="bbox 185 2685 1877 2790; baseline 0.001 -57"><span class='ocrx_word' id='word_1_363' title='bbox 185 2686 280 2733; x_wconf 82' lang='lat'>526</span> <span class='ocrx_word' id='word_1_364' title='bbox 291 2685 446 2788; x_wconf 44' lang='lat' dir='ltr'><strong><em>:1·Aen.</em></strong></span> <span class='ocrx_word' id='word_1_365' title='bbox 476 2692 552 2790; x_wconf 62' lang='lat'><strong><em>13,</em></strong></span> <span class='ocrx_word' id='word_1_366' title='bbox 578 2692 662 2767; x_wconf 63' lang='lat'>619</span> <span class='ocrx_word' id='word_1_367' title='bbox 699 2689 772 2732; x_wconf 86' lang='lat' dir='ltr'><strong><em>‘et</em></strong></span> <span class='ocrx_word' id='word_1_368' title='bbox 801 2690 886 2733; x_wconf 87' lang='lat' dir='ltr'><strong><em>tua</em></strong></span> <span class='ocrx_word' id='word_1_369' title='bbox 917 2689 1048 2745; x_wconf 78' lang='lat' dir='ltr'><strong><em>larya</em></strong></span> <span class='ocrx_word' id='word_1_370' title='bbox 1078 2702 1209 2745; x_wconf 88' lang='lat' dir='ltr'><strong><em>saepe</em></strong></span> <span class='ocrx_word' id='word_1_371' title='bbox 1238 2703 1381 2734; x_wconf 85' lang='lat' dir='ltr'><strong><em>manu</em></strong></span> <span class='ocrx_word' id='word_1_372' title='bbox 1403 2689 1657 2746; x_wconf 85' lang='lat' dir='ltr'><strong><em>multisque</em></strong></span> <span class='ocrx_word' id='word_1_373' title='bbox 1690 2690 1877 2735; x_wconf 86' lang='lat' dir='ltr'><strong><em>ornauit</em></strong></span> 
     </span>
     <span class='ocr_line' id='line_1_43' title="bbox 321 2759 666 2792; baseline 0.009 -3"><span class='ocrx_word' id='word_1_374' title='bbox 321 2759 466 2790; x_wconf 76' lang='lat' dir='ltr'><strong><em>imma</em></strong></span> <span class='ocrx_word' id='word_1_375' title='bbox 531 2760 630 2791; x_wconf 88' lang='lat' dir='ltr'><strong><em>oms</em></strong></span> <span class='ocrx_word' id='word_1_376' title='bbox 656 2782 666 2792; x_wconf 91' lang='lat'><strong><em>.</em></strong></span> 
     </span>
    </p>

    <p class='ocr_par' dir='ltr' id='par_1_27' title="bbox 184 2801 1317 2863">
     <span class='ocr_line' id='line_1_44' title="bbox 184 2801 1317 2863; baseline 0.003 -16"><span class='ocrx_word' id='word_1_377' title='bbox 184 2801 300 2848; x_wconf 88' lang='lat'>532:</span> <span class='ocrx_word' id='word_1_378' title='bbox 334 2804 448 2848; x_wconf 88' lang='lat' dir='ltr'><strong><em>Aen.</em></strong></span> <span class='ocrx_word' id='word_1_379' title='bbox 483 2810 528 2861; x_wconf 92' lang='lat'><strong><em>1,</em></strong></span> <span class='ocrx_word' id='word_1_380' title='bbox 561 2809 646 2849; x_wconf 88' lang='lat'><strong><em>361</em></strong></span> <span class='ocrx_word' id='word_1_381' title='bbox 683 2806 862 2850; x_wconf 87' lang='lat' dir='ltr'><strong><em>‘odium</em></strong></span> <span class='ocrx_word' id='word_1_382' title='bbox 892 2806 1069 2850; x_wconf 79' lang='lat' dir='ltr'><strong><em>crudele</em></strong></span> <span class='ocrx_word' id='word_1_383' title='bbox 1097 2806 1317 2863; x_wconf 84' lang='lat' dir='ltr'><strong><em>tyranni&#39;.</em></strong></span> 
     </span>
    </p>

    <p class='ocr_par' dir='ltr' id='par_1_28' title="bbox 185 2861 1487 2922">
     <span class='ocr_line' id='line_1_45' title="bbox 185 2861 1487 2922; baseline 0.004 -16"><span class='ocrx_word' id='word_1_384' title='bbox 185 2861 300 2906; x_wconf 87' lang='lat'>533:</span> <span class='ocrx_word' id='word_1_385' title='bbox 333 2863 432 2908; x_wconf 88' lang='lat' dir='ltr'><strong><em>Cat.</em></strong></span> <span class='ocrx_word' id='word_1_386' title='bbox 466 2867 544 2920; x_wconf 88' lang='grc'><strong><em>66,</em></strong></span> <span class='ocrx_word' id='word_1_387' title='bbox 579 2869 603 2908; x_wconf 95' lang='grc'><strong>7</strong></span> <span class='ocrx_word' id='word_1_388' title='bbox 638 2864 854 2908; x_wconf 82' lang='lat' dir='ltr'><strong><em>‘caelesti</em></strong></span> <span class='ocrx_word' id='word_1_389' title='bbox 884 2864 930 2907; x_wconf 89' lang='lat' dir='ltr'><strong><em>in</em></strong></span> <span class='ocrx_word' id='word_1_390' title='bbox 964 2865 1157 2908; x_wconf 85' lang='lat' dir='ltr'><strong><em>lumine&#39;</em></strong></span> <span class='ocrx_word' id='word_1_391' title='bbox 1194 2865 1269 2922; x_wconf 87' lang='lat' dir='ltr'><strong><em>(cf.</em></strong></span> <span class='ocrx_word' id='word_1_392' title='bbox 1302 2864 1364 2910; x_wconf 90' lang='lat' dir='ltr'><strong><em>ib.</em></strong></span> <span class='ocrx_word' id='word_1_393' title='bbox 1399 2867 1487 2917; x_wconf 86' lang='lat'>59).</span> 
     </span>
    </p>

    <p class='ocr_par' dir='ltr' id='par_1_29' title="bbox 185 2919 1494 2980">
     <span class='ocr_line' id='line_1_46' title="bbox 185 2919 1494 2980; baseline 0.003 -15"><span class='ocrx_word' id='word_1_394' title='bbox 185 2919 458 2966; x_wconf 75' lang='lat'>538—5412</span> <span class='ocrx_word' id='word_1_395' title='bbox 490 2923 581 2968; x_wconf 84' lang='lat' dir='ltr'><strong><em>toti</em></strong></span> <span class='ocrx_word' id='word_1_396' title='bbox 612 2922 847 2979; x_wconf 79' lang='lat' dir='ltr'><strong><em>desumpti</em></strong></span> <span class='ocrx_word' id='word_1_397' title='bbox 878 2936 935 2967; x_wconf 85' lang='lat' dir='ltr'><strong><em>ex</em></strong></span> <span class='ocrx_word' id='word_1_398' title='bbox 966 2923 1133 2980; x_wconf 84' lang='lat' dir='ltr'><strong><em>Georg.</em></strong></span> <span class='ocrx_word' id='word_1_399' title='bbox 1169 2929 1215 2980; x_wconf 92' lang='lat'><strong><em>1,</em></strong></span> <span class='ocrx_word' id='word_1_400' title='bbox 1248 2928 1494 2969; x_wconf 86' lang='lat'>406—409.</span> 
     </span>
    </p>
   </div>
  </div>
 </body>
</html>
