1992 3238
150 202 188 253 4
762 197 883 244 xv1.
921 197 1234 243 APPENDIX

260 335 440 388 Monte
476 333 569 387 sub
606 332 698 385 hoc
738 332 970 400 lapidum
1009 334 1193 402 teyitur
1230 333 1468 388 Ballista
1504 334 1758 401 sepultus:

336 407 494 460 Nocte
531 406 613 459 die
651 409 818 459 tutum
856 423 1027 474 carpe,
1065 408 1262 471 uiator,
1299 407 1410 460 iter.

149 482 326 535 deinde
364 478 654 534 Catalecton
697 484 745 532 et
779 479 1005 548 Priapia
1050 485 1098 533 et
1131 480 1535 548 Epigrammata
1572 484 1620 533 et
1655 480 1839 545 DiraS,

148 556 269 608 item
300 552 466 607 Girim
503 557 553 607 et
590 551 833 622 Culicem,
873 571 989 607 cum
1025 558 1150 607 esset
1185 570 1445 607 annorum
1483 554 1642 608 XVI.
1693 556 1839 608 cuius

149 628 371 681 materia
408 627 530 681 talis
566 631 651 681 est.
702 631 889 695 pastor
922 628 1175 695 fatiyatus
1204 631 1348 681 aestu
1378 644 1493 681 cum
1529 627 1624 681 sub
1662 627 1843 680 arbore

148 701 512 755 condormisset
539 705 588 754 et
614 717 818 768 serpens
847 702 920 754 ad
946 718 1061 755 eum
1081 705 1376 769 proreperet
1403 718 1429 754 e
1450 701 1659 771 palude,
1698 701 1843 755 culex

139 775 477 843 praeuolauit
497 778 648 842 atque
676 775 810 828 inter
840 776 939 828 duo
971 779 1199 842 tempora
1220 775 1453 828 aculeum
1484 775 1603 842 fixit
1621 775 1840 842 pastori.

148 853 208 902 at
250 849 337 903 ille
373 850 612 902 continuo
649 849 856 902 culicem
893 849 1139 902 contriuit
1173 852 1223 902 et
1265 852 1542 916 serpentem
1587 849 1846 903 interemit

149 940 210 976 ac
246 923 534 990 sepulerum
570 922 722 976 culici
757 923 941 976 statuit
976 926 1025 975 et
1058 921 1311 976 distichon
1345 921 1493 988 fecit:

261 996 436 1050 Parae
473 996 639 1065 culex,
668 997 925 1063 pecudum
963 999 1128 1050 custos
1166 996 1258 1049 tibi
1296 996 1396 1048 tale
1433 997 1647 1049 merenti

262 1069 490 1123 Funeris
528 1070 757 1137 officium
793 1071 934 1123 uitae
961 1087 1062 1138 pro
1100 1086 1308 1123 munere
1344 1070 1524 1123 reddit.

148 1144 355 1212 scripsit
389 1145 545 1197 etiam
588 1145 649 1196 de
695 1160 799 1210 qua
845 1144 1123 1226 ambiqitur
1160 1145 1400 1197 Aetnam.
1458 1160 1580 1197 mox
1618 1182 1631 1195 .
1670 1184 1682 1196 .
1724 1184 1736 1195 .
1774 1143 1846 1196 ad

148 1217 400 1271 Bucolica
438 1218 650 1270 transiit
686 1234 795 1286 eqs.
856 1217 916 1268 in
966 1217 1161 1286 quibus
1207 1217 1387 1270 uerbis
1435 1235 1557 1270 cum
1604 1216 1699 1269 alii
1737 1216 1845 1268 alia

149 1290 423 1344 uoluerint
459 1307 737 1343 remouere
782 1284 1066 1360 (Hagenus
1105 1290 1548 1359 transpositionis
1590 1290 1745 1360 signo
1786 1291 1842 1342 in

152 1364 333 1418 codice
371 1363 636 1417 Bernensi
682 1363 842 1416 obuio
891 1381 1004 1417 non
1048 1366 1192 1416 recte
1238 1381 1367 1417 usus
1413 1363 1548 1416 illud
1595 1362 1689 1416 de
1739 1381 1845 1432 qua

153 1436 475 1508 ambigitur'
485 1480 500 1506 ,
553 1437 953 1506 Nettleshipius
1001 1437 1310 1506 nuperrime
1368 1436 1520 1489 libris
1567 1437 1847 1490 nonnullis

149 1511 536 1565 recentissimis
574 1511 786 1564 innisus
823 1514 1001 1564 totum
1039 1511 1174 1563 illud
1211 1510 1542 1564 ‘catalecton
1583 1540 1648 1548 —
1693 1510 1846 1563 cirim

151 1582 280 1656 et'),
320 1603 352 1638 a
389 1585 489 1638 tali
529 1588 727 1638 conatu
766 1584 1063 1638 abstinebit
1101 1585 1193 1653 qui
1231 1584 1426 1637 horum
1463 1584 1845 1654 pseudouergi-

151 1658 423 1712 lianorum
461 1659 747 1711 historiam
785 1658 1002 1727 penitus
1044 1662 1129 1711 est
1166 1659 1550 1726 perscrutatus,
1605 1658 1698 1711 sed
1736 1676 1847 1711 non

153 1732 341 1785 dubito
390 1733 521 1802 quin
565 1732 913 1785 librariorum
952 1732 1110 1800 culpa
1146 1733 1307 1784 unius
1348 1731 1602 1784 carminis
1642 1732 1845 1785 mentio

150 1806 395 1875 perierit:
443 1805 648 1859 scilicet
685 1805 993 1858 refinxerim
1038 1806 1160 1859 item
1199 1804 1367 1859 Cirim
1406 1805 1490 1873 <et
1528 1804 1763 1874 (lupam)
1801 1810 1849 1859 et

153 1879 392 1944 Onlicem,
426 1880 622 1932 erroris
656 1897 815 1932 causa
844 1880 902 1932 in
932 1880 1221 1948 propatulo
1253 1879 1445 1948 posita.
1491 1897 1619 1932 nam
1645 1877 1848 1946 Copam

153 1953 266 2006 siue
307 1951 515 2023 Cupam
555 1951 773 2005 Seruius
814 1953 1014 2006 diserte
1054 1956 1345 2006 enumerat.

299 2026 406 2080 Hic
460 2029 642 2080 autem
689 2025 906 2079 Seruius
959 2027 1041 2079 ita
1096 2027 1308 2080 scribit:
1354 2027 1594 2093 primum
1645 2026 1710 2079 ab
1755 2026 1846 2080 hoc

151 2100 403 2167 distichon
443 2101 643 2166 factum
687 2105 762 2154 est
803 2102 862 2152 in
899 2100 1186 2153 Ballistam
1233 2100 1509 2153 latronem:
1555 2099 1737 2153 Monte
1774 2129 1848 2137 —

152 2176 262 2229 iter.
322 2175 530 2241 scripsit
571 2175 727 2227 etiam
771 2178 957 2242 septem
1001 2175 1112 2227 siue
1157 2177 1262 2227 octo
1315 2173 1472 2227 libros
1522 2173 1633 2226 hos.
1629 2191 1640 2202 ·
1696 2171 1847 2227 Girin

151 2249 378 2302 Aetnam
396 2247 620 2302 Culicem
643 2247 895 2315 Priapeia
911 2246 1213 2316 Catalepton
1234 2247 1638 2315 Epnyrammata
1655 2245 1850 2314 Gopam

152 2321 337 2376 Diras,
375 2325 555 2390 postea
586 2340 695 2391 eqs
756 2322 814 2374 in
853 2321 1046 2391 quibus
1085 2321 1222 2374 illud
1254 2319 1630 2404 Catalepton'
1669 2321 1846 2373 firma-

155 2399 246 2448 tur
283 2396 599 2449 testimonio
640 2395 765 2448 libri
798 2395 990 2464 optimi
1020 2393 1255 2447 Parisini
1286 2395 1551 2464 uniusque
1582 2394 1848 2447 Burman-

153 2470 303 2523 niani
338 2467 427 2540 (cf
459 2469 706 2523 'Philonis
739 2465 1072 2539 apparatus),
1111 2487 1234 2522 cum
1268 2469 1434 2522 ceteri
1471 2468 1701 2521 formam
1733 2469 1849 2520 uul-

157 2559 344 2612 garem
400 2542 757 2597 catalecton'
819 2543 1132 2611 praebeant.
1214 2542 1411 2595 mirum
1473 2544 1654 2595 autem
1713 2541 1848 2594 illud

158 2616 395 2685 ‘septem
427 2616 542 2670 siue
575 2615 725 2670 octo'
757 2616 902 2669 infra
933 2616 1304 2685 explicabitur.
1336 2646 1407 2654 -
1438 2618 1674 2670 ceterum
1706 2615 1849 2685 quod

156 2693 381 2759 uterque
429 2691 814 2760 grammaticus
863 2691 1136 2744 diuersum
1177 2693 1429 2744 secuntur
1468 2688 1733 2743 ordinem:
1786 2707 1850 2742 ex

157 2764 420 2816 memoria
459 2781 551 2817 eos
591 2782 689 2817 sua
726 2764 972 2832 posuisse
1013 2767 1254 2834 apparet.

308 2834 564 2890 Carmina
633 2855 665 2890 a
730 2836 988 2892 Suetonio
1063 2837 1358 2908 Seruioque
1427 2839 1850 2891 commemorata

162 2911 494 2981 etiamnunc,
545 2911 673 2965 licet
726 2911 910 2965 multis
948 2913 1232 2981 ,permixta
1287 2911 1496 2981 alieniS,
1551 2912 1739 2965 extant
1791 2909 1850 2962 in
