1992 3238
730 208 1122 255 VERGILIANA.
1697 211 1770 263 43

226 343 545 396 -‘Palladi
581 358 801 411 magma
837 358 983 395 suae
1019 345 1158 397 uisa
1197 353 1282 398 est
1321 346 1569 399 iniuria
1608 345 1770 398 sedis

83 430 138 470 10
348 417 577 483 antiquis
613 416 789 483 hospes
822 432 926 468 non
963 418 1135 469 minor
1172 419 1413 488 infimis,

258 494 306 543 et
339 506 437 557 quo
474 494 642 542 Roma
677 491 795 542 uiro
832 490 989 542 doctis
1024 494 1237 543 certaret
1272 491 1517 546 Athenis:

342 563 511 630 ferrea
549 564 638 617 sed
670 563 806 616 nulli
841 563 1043 615 uincere
1077 563 1193 629 fata
1232 564 1421 617 datur'.

76 635 339 689 Octauius
378 636 545 706 igitur
582 654 704 689 cum
738 634 968 688 Athenis
1008 636 1186 688 subito
1227 636 1444 706 obisset,
1484 642 1639 691 erant
1677 638 1769 708 qui

80 709 375 779 malignius
422 710 613 762 mortis
661 727 879 762 causam
925 709 1126 762 nimiae
1168 709 1285 762 uini
1324 711 1770 779 intemperantiae

81 782 472 851 adscriberent3
520 782 663 852 quod
703 783 794 852 qui
839 781 1157 836 refellebant
1196 783 1354 836 amici
1393 781 1478 853 (ut
1521 785 1772 837 solebant

79 858 289 909 ueteres
337 856 396 908 in
440 859 785 926 praematuro
839 855 1118 909 hominum
1169 857 1569 925 praeclarorum
1621 858 1772 910 obitu

79 929 316 982 numinis
372 929 597 983 alicuius
645 929 782 982 iram
835 929 1166 982 inuidiamue
1212 930 1270 982 in
1317 933 1498 998 partes
1553 930 1769 999 uocare)

81 1001 282 1055 sodalis
316 1020 589 1056 excessum
621 1002 939 1071 repetebant
968 1003 1150 1071 potius
1183 1020 1246 1055 ex
1280 1003 1501 1056 sinistro
1532 1002 1771 1056 Palladis

76 1076 271 1145 liuore,
325 1077 521 1146 quippe
576 1094 712 1145 quae
765 1076 980 1128 timeret
1029 1093 1096 1129 ne
1148 1075 1403 1129 Octauius
1412 1118 1426 1145 ‚
1479 1076 1770 1130 historicus

78 1149 302 1216 nobilis,
352 1149 665 1202 obscuraret
709 1152 894 1202 uetera
939 1149 1034 1202 illa
1080 1153 1134 1202 et
1176 1149 1490 1203 inmortalia
1534 1150 1770 1204 nominis

76 1221 429 1276 Atheniensis
470 1221 684 1292 decora,
730 1222 1066 1277 Herodotum
1107 1223 1470 1292 Thucydidem
1514 1224 1772 1293 aliosque.

77 1296 235 1364 plura
268 1295 335 1348 ad
359 1296 834 1350 commendandam
860 1296 1286 1350 emendationem
1313 1315 1491 1350 meam
1514 1315 1624 1349 non
1647 1315 1770 1367 pro-

79 1369 215 1422 fero:
262 1388 386 1422 nam
429 1388 591 1439 quam
638 1370 774 1423 bene
812 1388 956 1424 nunc
995 1370 1178 1423 omnia
1223 1370 1515 1438 procedant
1553 1373 1770 1423 seruata

78 1460 290 1512 quoque
330 1443 666 1512 singularum
704 1443 942 1512 partium
985 1443 1394 1512 aequabilitate,
1441 1445 1529 1496 uel
1567 1461 1651 1495 me
1689 1446 1772 1496 ta·

76 1518 232 1569 cente
264 1516 612 1586 intellegitur.
675 1535 842 1569 unum
875 1517 1011 1569 illud
1041 1534 1250 1585 mone0‚
1281 1516 1495 1570 Palladi
1526 1519 1774 1585 correpta

78 1589 271 1642 ultima
324 1590 560 1660 positum
623 1590 844 1642 minime
905 1608 1084 1644 carere
1148 1590 1421 1659 exemplis,
1498 1590 1573 1643 sic
1629 1590 1772 1643 enim

79 1662 383 1716 Priscianus
415 1663 443 1716 I
480 1682 532 1732 p.
557 1663 663 1716 327
693 1662 785 1716 H.:
823 1664 1164 1717 inueniuntur
1193 1667 1371 1731 poetae
1407 1664 1675 1717 rarissime
1712 1664 1773 1715 in

78 1735 316 1800 Graecis,
365 1754 495 1804 quae
540 1738 684 1804 apud
727 1735 950 1791 Graecos
994 1738 1054 1790 iri
1098 1738 1120 1790 i
1164 1741 1448 1805 correptam
1493 1737 1775 1790 terminarit

74 1826 240 1877 supra
269 1811 462 1863 dictum
485 1827 676 1880 casam,
702 1812 807 1878 ipsi
825 1828 1019 1879 quoque
1041 1828 1156 1864 eam
1186 1811 1525 1878 corripientes.
1571 1809 1775 1864 Statius

78 1884 138 1936 in
168 1883 210 1936 I
232 1883 570 1938 Achilleidos:
609 1883 824 1938 Palladi
854 1885 1060 1938 litoreae
1097 1884 1377 1958 celebrabat
1405 1883 1590 1952 Scyros
1619 1883 1774 1938 hono-

77 1973 200 2009 rem.
248 1957 618 2010 disseruerunt
641 1958 705 2010 de
729 1958 831 2012 hac
854 1959 1068 2012 licentia
1093 1959 1442 2026 exemplaque
1468 1975 1531 2010 ex
1556 1956 1771 2010 Catullo

78 2030 308 2100 aliisque
341 2033 727 2101 congesserunt
757 2030 829 2085 M.
860 2030 1133 2101 Hauptius
1167 2048 1348 2100 opusc.
1381 2030 1461 2084 III
1491 2050 1541 2100 p.
1580 2031 1682 2084 129
1717 2033 1774 2083 et

78 2102 138 2157 L.
179 2103 469 2157 Muellerus
509 2104 573 2157 de
612 2122 668 2157 re
708 2105 931 2158 metrica
968 2124 1018 2174 p.
1057 2105 1181 2158 392.

680 2382 1060 2438 EXOVRSVS
1105 2384 1173 2437 II.

474 2500 562 2553 De
602 2499 878 2554 Ausonii
917 2502 1061 2555 loco
1102 2500 1387 2570 quodam.

195 2617 510 2689 ,Aenigma‚
550 2617 692 2688 quod
731 2619 1063 2689 epigramma
1102 2616 1393 2670 secundum
1431 2617 1670 2686 praebet,
1711 2620 1773 2669 ut

80 2690 345 2761 hodieque
401 2692 641 2745 ludificat
694 2691 901 2761 doctos,
954 2693 1031 2744 ita
1085 2691 1196 2743 iam
1251 2690 1473 2760 antiquo
1506 2694 1772 2760 ‚tempore

79 2766 282 2817 certam
320 2763 485 2819 λύσιν
516 2784 628 2819 non
658 2765 872 2818 uidetur
906 2764 1191 2818 inuenisse.
1253 2767 1402 2816 extat
1432 2764 1496 2817 de
1527 2783 1590 2818 eo
1621 2764 1773 2817 testi-

80 2838 322 2892 monium
354 2844 441 2894 sat
471 2838 821 2893 memorabile
853 2838 1098 2907 Ausonii,
1135 2837 1278 2907 quod
1309 2837 1396 2891 hic
1426 2838 1533 2892 loci
1563 2837 1773 2890 adferre

79 2914 134 2963 et
178 2911 476 2983 disceptare
517 2932 545 2966 e
587 2931 643 2966 re
691 2915 838 2981 puto.
899 2911 1506 2982 grammaticomastigis
1549 2912 1621 2980 [p.
1661 2910 1770 2964 203
