1992 3238
173 219 249 272 50
572 217 693 263 XVI.
731 215 1046 262 APPENDIX
1076 215 1468 263 VERGILIANA.

175 353 324 406 Haec
365 370 624 421 suspensa
661 351 804 420 rapit
842 354 1093 421 carpente
1132 347 1412 404 cacumina
1449 369 1634 405 morsu

177 426 282 479 Vel
324 426 500 478 salicis
540 426 718 478 lentae
757 425 845 478 uel
886 442 1022 495 quae
1059 443 1206 478 noua
1242 425 1484 478 nascitur
1523 425 1706 493 alnuS‚
1811 436 1872 476 55

177 499 327 552 Haec
365 502 577 551 teneras
615 498 871 551 fruticum
911 501 1089 551 sentes
1127 498 1379 567 rimatur,
1419 501 1476 550 at
1513 498 1609 550 illa

174 573 408 626 Inminet
445 571 502 624 in
539 572 644 625 riui
682 571 1025 641 properantis
1063 571 1302 625 uallibus
1341 571 1553 624 undam.

250 644 294 698 Ο
335 645 478 698 bona
515 646 748 715 pastoris
790 643 985 716 (siquis
1023 663 1135 698 non
1172 645 1424 713 pauperis
1463 662 1621 697 usum

173 718 357 771 Mente
394 719 544 788 prius
583 719 743 772 docta
780 719 1025 771 fastidiat
1063 722 1118 771 et
1154 719 1347 786 probet
1385 719 1494 771 illis

177 791 399 845 Somnia
436 793 677 845 luxuriae
717 793 960 862 spretis),
997 791 1276 861 incognita
1314 793 1477 860 curiS,
1813 805 1873 845 60

177 864 325 927 Quae
364 866 607 919 lacerant
645 866 832 919 auidas
872 866 1090 918 inimico
1129 869 1345 934 pectore
1384 867 1615 918 mentes!

177 937 234 992 Si
272 958 384 993 non
422 940 651 1008 Assyrio
690 939 905 1010 fulgent
943 939 1027 992 bis
1065 939 1216 992 lauta
1255 938 1434 991 colore

174 1013 432 1066 Attalicis
473 1013 664 1082 opibus
705 1014 831 1066 data
869 1012 1094 1082 uellera,
1135 1012 1194 1065 si'
1217 1013 1364 1065 nitor
1404 1012 1520 1065 auri

177 1085 287 1139 Sub
327 1087 577 1156 laqueare
616 1087 806 1140 domus
846 1087 1086 1139 animum
1124 1104 1236 1138 non
1274 1086 1430 1154 angit
1469 1103 1694 1138 auarum

175 1159 529 1229 Picturaeque
569 1160 727 1212 decus
737 1202 751 1228 ‚
790 1159 1031 1228 lapidum
1067 1177 1168 1213 nec
1205 1159 1388 1229 fulgor
1425 1160 1483 1211 in
1521 1159 1633 1212 ulla
1815 1171 1874 1212 65

176 1231 440 1303 Cognitus
480 1234 718 1287 utilitate
756 1236 963 1302 mouet,
1001 1250 1102 1286 nec
1139 1233 1335 1302 pocula
1375 1231 1598 1285 Graium

175 1307 401 1360 Alconis
441 1306 683 1359 referunt
720 1306 1031 1375 Rhoecique
1069 1309 1338 1375 toreuma,
1377 1323 1477 1359 nec
1514 1305 1635 1358 Indi

178 1378 427 1433 Conchea
464 1381 600 1434 baca
637 1381 803 1434 maris
843 1381 1014 1450 pretio
1055 1383 1159 1432 est:
1199 1383 1257 1432 at
1294 1382 1512 1448 pectore
1550 1398 1687 1448 puro

179 1451 352 1523 Saepe
394 1471 553 1523 super
592 1458 777 1508 tenero
816 1454 1109 1523 prosternit
1151 1453 1393 1523 gramine
1434 1470 1649 1523 corpuS‚

297 1647 354 1687 54
386 1643 627 1688 cacumina
657 1657 713 1686 m.
747 1656 832 1686 rec.
865 1643 918 1686 in
949 1642 1182 1687 cauimina
1220 1655 1336 1687 corr.
1363 1646 1396 1685 B
1427 1643 1443 1699 ΙΙ
1474 1646 1530 1687 55
1563 1642 1654 1686 Vel
1690 1642 1744 1686 3:
1776 1641 1876 1687 Hec

177 1705 262 1747 BV
293 1701 422 1746 Haec
445 1706 517 1746 Bc
552 1702 645 1758 (sed
675 1706 726 1746 ut
756 1703 809 1745 in
838 1705 872 1744 Β
903 1715 998 1746 non
1027 1706 1240 1746 consueta
1269 1702 1331 1745 sit
1360 1702 1525 1758 species
1556 1702 1736 1746 litterae
1765 1701 1837 1757 H)
1866 1701 1871 1759 Ι

177 1759 315 1805 almis
345 1764 401 1813 Β,
434 1774 547 1805 corr.
581 1775 639 1805 m
670 1774 754 1805 vec.
801 1762 817 1817 ΙΙ
863 1765 920 1805 56
951 1761 1201 1806 fructicum
1231 1763 1270 1801 V
1299 1759 1439 1805 fructi
1470 1764 1527 1804 csi
1560 1764 1588 1802 0
1631 1763 1637 1815 Ι
1680 1759 1876 1827 rimator

180 1822 225 1876 (11
257 1833 401 1876 supra
434 1822 476 1876 o)
509 1824 551 1863 Η
583 1821 599 1876 ΙΙ
630 1824 685 1864 57
718 1820 833 1864 Inm.
867 1823 924 1862 V·
957 1819 1088 1864 Imm.
1123 1820 1256 1864 ceteri
1283 1820 1288 1874 Ι
1314 1818 1365 1862 111
1394 1818 1485 1865 11111
1518 1822 1549 1861 0
1582 1820 1649 1876 (et
1679 1818 1770 1863 riui
1791 1823 1872 1875 11).

180 1878 355 1936 mngui
385 1878 591 1935 Scaliyer
625 1880 632 1935 Ι
666 1878 960 1935 properantis
991 1877 1194 1923 uallibus
1224 1879 1411 1934 scripsi:
1444 1877 1728 1934 praestantis
1760 1878 1876 1922 ima·

179 1937 301 1994 ginis
328 1941 359 1979 0
385 1939 494 1994 (ym.
520 1939 580 1994 11)
607 1939 614 1994 Ι
641 1936 814 1981 undam
841 1941 895 1989 03
927 1936 1189 1994 praestanti
1215 1938 1305 1993 (uel
1335 1937 1628 1993 properanti)
1652 1937 1876 1994 marginis

178 1997 332 2040 undae
371 1996 578 2053 Scaliyer
618 1996 774 2051 (uluae
813 1997 1075 2053 Hauptius)
1120 1998 1136 2053 ΙΙ
1182 1997 1240 2040 ab
1287 2000 1344 2040 58
1392 1997 1627 2052 incipiwnt
1667 2001 1879 2052 excerpta

182 2055 411 2100 Parisina
442 2057 486 2112 (p
518 2060 560 2099 et
588 2058 633 2112 n)
666 2069 768 2100 cum
799 2056 933 2100 titulo
963 2055 1031 2101 De
1063 2054 1358 2100 beatitudine
1389 2054 1610 2112 pauperis
1643 2054 1740 2098 uite
1770 2054 1875 2098 Vir-

182 2113 324 2181 gilius
363 2113 412 2158 in
452 2114 598 2159 culice
642 2115 658 2170 ΙΙ
703 2118 759 2158 59
799 2113 948 2172 prius]
989 2115 1142 2159 minus
1181 2114 1407 2158 Heinsius
1444 2114 1584 2158 nimis
1625 2113 1872 2171 Silliyiusl

181 2172 392 2217 fastidiet
407 2176 449 2215 Η
472 2187 529 2217 m.
546 2178 572 2217 1
602 2174 667 2229 lp
669 2172 806 2216 robat
828 2178 869 2217 Η
889 2187 946 2216 m.
971 2178 998 2217 1
1024 2175 1040 2231 ΙΙ
1063 2179 1120 2218 60
1145 2171 1335 2216 Somnia
1358 2173 1624 2228 Hauptius:
1652 2171 1819 2216 Omnia
1843 2175 1875 2214 0

183 2231 298 2275 Par
329 2229 523 2276 Munera
554 2231 767 2288 Silliyius
801 2235 807 2288 Ι
845 2231 1023 2276 luxorie
1054 2236 1088 2275 Β
1126 2233 1134 2289 Ι
1172 2230 1289 2288 sptis
1322 2252 1378 2268 =
1411 2231 1578 2288 spretis
1610 2235 1670 2273 V:
1710 2230 1876 2287 pretiis

180 2294 214 2333 B
230 2294 312 2332 CH
342 2290 501 2347 prauis
528 2291 640 2335 Par.
666 2292 682 2348 ΙΙ
706 2296 759 2335 61
793 2291 984 2335 mimico
1005 2295 1062 2343 Β,
1094 2303 1217 2336 corr.
1241 2302 1297 2334 m.
1330 2304 1437 2344 rec.;
1470 2291 1520 2334 in
1551 2289 1713 2345 iniquo
1745 2289 1874 2335 Silli-

180 2350 284 2406 qius
329 2351 344 2406 ΙΙ
391 2354 446 2394 62
489 2349 654 2394 assirio
692 2353 812 2392 Bcv
854 2350 966 2394 Par.
1016 2349 1155 2395 asirio
1194 2353 1236 2391 Η
1286 2351 1292 2404 Ι
1341 2350 1526 2406 fulgent
1571 2348 1875 2394 Schraderus·

181 2407 354 2452 fuerint
385 2411 416 2450 0
459 2409 574 2453 Par.
613 2408 816 2464 (fuerunt
854 2409 914 2464 Η)
966 2410 972 2465 Ι
1022 2409 1094 2454 bis
1131 2409 1232 2453 lota
1273 2409 1385 2454 Par.
1426 2408 1593 2464 (bilota
1632 2410 1677 2464 p)
1716 2410 1738 2451 t
1777 2408 1878 2452 lota

180 2480 411 2523 suprascr.
445 2473 472 2510 c
495 2468 511 2524 ΙΙ
535 2472 589 2512 63
623 2467 819 2512 Atalicis
850 2471 892 2509 Η
923 2466 1132 2512 Atalacis
1163 2471 1201 2509 V
1229 2469 1235 2523 Ι
1261 2467 1419 2512 finitor
1449 2471 1486 2509 V
1508 2469 1524 2524 ΙΙ
1549 2471 1606 2511 64
1638 2467 1802 2511 domus
1833 2470 1876 2508 Η

182 2525 315 2571 Pom:
348 2526 508 2571 domos
540 2531 571 2569 0
606 2529 612 2581 Ι
646 2527 802 2583 tangit
834 2527 865 2569 ς
894 2527 911 2583 ΙΙ
942 2532 996 2571 65
1021 2527 1126 2584 nec]
1158 2539 1252 2571 non
1283 2530 1321 2568 V
1356 2527 1362 2585 Ι
1396 2526 1515 2582 ulla,
1547 2541 1579 2570 u
1610 2539 1665 2570 ex
1694 2525 1708 2569 i
1743 2539 1875 2578 corr„

181 2590 234 2629 ut
263 2585 382 2639 uid„
414 2589 451 2626 V
496 2587 511 2641 ΙΙ
559 2591 614 2630 66
654 2588 814 2630 mouet
851 2585 1154 2631 Schraderus:
1194 2587 1355 2630 manet
1385 2589 1416 2628 0
1459 2585 1572 2629 Par.
1606 2598 1772 2628 manus
1803 2586 1879 2628 uel

181 2657 371 2687 manum
402 2644 643 2700 Hauptius
670 2645 677 2700 Ι
705 2644 895 2689 Graium
925 2644 1150 2690 Heinsius
1181 2649 1223 2689 εὑ
1254 2645 1591 2689 Marklandus:
1623 2645 1811 2700 gratum
1843 2647 1875 2685 0

186 2702 295 2747 Par.
339 2703 492 2759 (grata
521 2705 581 2759 Η)
629 2703 819 2748 Graiam
866 2704 940 2749 uel
985 2702 1098 2748 Grai
1136 2703 1381 2760 Hauptius
1426 2705 1441 2760 ΙΙ
1488 2708 1543 2748 67
1582 2702 1792 2747 referunt
1823 2703 1876 2746 <32

183 2759 387 2805 referent
426 2765 457 2803 0
501 2761 613 2806 Par.
664 2762 671 2816 Ι
717 2762 987 2819 Rhoecique
1030 2763 1357 2807 Lachmannus
1403 2763 1466 2807 ad
1501 2761 1640 2806 Lusor.
1683 2775 1734 2817 p.
1771 2765 1877 2805 136:

185 2819 400 2876 coetique
431 2823 464 2863 Β
504 2819 725 2877 boetique
757 2826 786 2863 0
821 2821 934 2866 Par
967 2822 1141 2879 bootiq3
1173 2827 1210 2865 V
1249 2821 1391 2878 betiq.
1424 2825 1467 2864 11
1515 2825 1521 2876 Ι
1570 2821 1806 2865 torreuma
1836 2824 1879 2862 Η

170 2879 433 2923 *thoreuma
463 2894 489 2933 p
527 2879 543 2935 ΙΙ
582 2884 637 2924 68
669 2880 819 2924 bacha
852 2885 975 2925 cHV
1006 2882 1149 2926 bacca
1183 2881 1296 2926 Par.
1333 2881 1339 2938 Ι
1374 2879 1531 2937 precio
1563 2885 1604 2923 11
1637 2880 1749 2923 Par.
1787 2880 1792 2934 Ι
1829 2882 1879 2922 at

183 2941 264 2980 BV
300 2938 434 2982 Par.:
468 2952 495 2982 a
527 2942 606 2981 GH
645 2940 659 2994 ΙΙ
699 2943 754 2983 69
786 2940 1065 2995 prostrernit
1094 2944 1132 2982 V
1173 2943 1180 2997 Ι
1222 2939 1433 2998 gramine
1465 2943 1497 2981 Β
1531 2938 1745 2995 gramina
1774 2941 1816 2980 Η
