1992 3238
203 185 273 238 96
593 182 714 227 XVI.
754 180 1067 226 APPENDIX
1095 181 1489 227 VERGILIANA.

203 317 295 371 Set
332 317 516 370 trahat
553 333 616 368 ex
654 316 815 384 pleno
857 317 998 385 quod
1036 317 1232 371 fortem
1273 319 1552 383 comparat
1591 334 1819 370 amnem.

199 390 449 443 Flumina
488 389 617 458 quin
657 389 822 442 etiam
861 390 988 443 latis
1029 390 1296 443 currentia
1334 389 1466 457 ripis

202 463 434 516 Occasus
472 463 708 515 habuere
748 481 898 516 suos:
939 467 1034 516 aut
1071 464 1166 516 illa
1203 480 1406 531 uorago

199 536 436 605 Derepta
474 536 531 588 in
569 554 824 605 praeceps
863 537 1018 589 fatali
1058 537 1296 590 condidit
1335 554 1423 588 ore
1801 549 1883 590 125

200 609 312 661 Aut
352 610 565 662 occulta
602 609 776 662 fluunt
813 611 980 672 tectis
1011 610 1269 678 adoperta
1308 609 1551 662 cauernis

199 684 378 751 Atque
417 682 731 751 inopinatos
770 683 1011 736 referunt
1047 684 1236 751 procul
1274 683 1418 735 edita
1458 700 1659 735 cursuS.

201 756 353 819 Quod
393 757 450 808 ni
488 756 728 809 diuersos
769 757 984 808 emittat
1021 760 1165 809 terra
1206 757 1442 825 canaleS‚

198 826 510 898 Hospitium
549 830 714 882 fluuio
755 834 809 882 et
847 829 936 882 det
976 831 1190 898 semita,
1231 829 1383 882 nulla
1421 829 1662 897 profecto

197 902 465 956 Fontibus
506 907 560 955 et
597 904 730 956 riuis
772 906 981 955 constet
1018 904 1110 956 uia
1148 904 1410 973 pigraque
1448 903 1610 955 tellus
1802 917 1884 957 130

201 974 460 1030 Conferta
497 977 555 1029 in
596 976 825 1030 solidum
868 978 1020 1046 segni
1061 978 1159 1030 sub
1198 976 1432 1045 pondere
1472 979 1659 1029 cesset,

202 1050 355 1111 Quod
397 1050 443 1102 si
480 1050 766 1118 praecipiti
805 1051 1104 1103 conduntur
1142 1051 1363 1103 flumina
1402 1054 1568 1117 terra,

205 1121 437 1176 Condita
470 1124 516 1175 si
554 1123 800 1190 redeunt,
842 1124 887 1176 si
928 1142 1064 1192 quae
1103 1125 1214 1176 iam
1253 1123 1530 1177 incondita
1563 1128 1811 1193 surgunt,

198 1196 357 1248 Haud
398 1197 591 1248 mirum
632 1197 829 1249 clausis
871 1197 1036 1249 etiam
1077 1198 1121 1250 si
1161 1198 1333 1251 libera
1370 1198 1546 1250 uentis

201 1268 543 1338 Spiramenta
581 1273 784 1338 patent.
848 1270 1010 1323 certis
1050 1272 1153 1324 tibi
1191 1272 1418 1340 pignera
1455 1270 1615 1323 rebus
1799 1283 1881 1323 135

198 1344 378 1412 Atque
420 1344 590 1396 oculis
630 1344 864 1397 haesura
902 1345 1010 1396 tuis
1052 1345 1203 1397 dabit
1243 1345 1427 1397 ordine
1465 1344 1643 1396 tellus.

197 1417 478 1470 Inmensos
518 1418 834 1486 plerumque
876 1418 1023 1470 sinus
1065 1421 1118 1471 et
1156 1419 1344 1489 iugera
1382 1436 1599 1487 pessum

197 1489 502 1559 Intercepta
540 1491 668 1543 licet
709 1491 979 1560 densaque
1020 1492 1335 1546 abscondita
1377 1494 1532 1544 nocte

200 1563 574 1632 Prospectare,
615 1564 776 1617 chaos
817 1567 1033 1617 uastum
1075 1569 1127 1617 et
1167 1566 1282 1618 sine
1321 1566 1427 1618 fine
1467 1566 1666 1631 ruinas,

200 1635 390 1690 Cernis
431 1641 485 1690 et
523 1639 580 1689 in
620 1638 773 1690 siluis
815 1639 1054 1707 spatiosa
1093 1639 1293 1692 cubilia
1332 1643 1475 1692 retro
1804 1652 1886 1692 140

319 1846 401 1885 122
450 1840 542 1885 Sed
580 1840 802 1898 Scaliyer:
859 1841 919 1885 Et
958 1846 988 1884 0
1043 1842 1265 1886 Attrahat
1303 1842 1503 1886 Iacobus
1556 1843 1621 1887 Ut
1658 1842 1834 1886 Munro
1871 1842 1877 1901 Ι

197 1899 365 1944 fortem
405 1904 452 1942 c:
500 1899 679 1944 fontem
718 1900 758 1955 (r
794 1913 938 1956 supra
975 1917 1007 1944 n
1045 1915 1101 1946 m.
1135 1903 1179 1957 1)
1221 1906 1247 1943 S
1286 1900 1417 1945 fonte
1456 1904 1539 1948 Ης
1589 1902 1595 1957 Ι
1645 1904 1888 1959 comparat

196 1959 381 2014 scripsi:
440 1959 686 2003 contrahat
733 1963 763 2001 0
816 1960 831 2015 ΙΙ
887 1964 970 2003 123
1016 1960 1131 2016 ripis
1185 1960 1491 2004 Bor‘mawsius
1537 1964 1578 2005 et
1623 1960 1884 2016 Hauptius:

196 2017 308 2061 riuis
357 2021 387 2059 0
434 2019 450 2073 ΙΙ
498 2023 583 2062 124
629 2019 711 2061 aut
757 2023 840 2060 cs:
898 2019 1023 2062 haud
1069 2023 1152 2066 Ης
1197 2020 1213 2075 Ιξ
1261 2022 1344 2062 125
1391 2020 1598 2075 Derepta
1645 2019 1884 2064 Gorallus:

196 2075 393 2133 Direpta
421 2079 504 2123 Ης
542 2076 786 2133 Direptam
819 2082 883 2119 cs
914 2079 929 2134 ΙΙ
961 2083 1045 2122 126
1078 2078 1216 2123 Haud
1249 2077 1405 2122 oculta
1433 2080 1476 2120 Η
1503 2079 1510 2133 l
1538 2078 1598 2121 ad
1629 2079 1823 2134 operata
1845 2082 1888 2120 Η

197 2135 421 2191 adoperte
453 2140 479 2177 8
506 2134 513 2193 Ι
542 2136 724 2180 auernis
757 2140 821 2177 cs
852 2137 867 2191 n
901 2141 985 2181 128
1017 2137 1065 2180 111
1097 2137 1323 2181 Iacobus:
1363 2137 1402 2180 si
1434 2140 1464 2179 0
1493 2135 1499 2196 Ι
1528 2136 1735 2181 diuersos
1766 2151 1824 2181 m.
1857 2142 1882 2181 1

196 2195 249 2236 in
273 2207 367 2237 -sas
391 2206 506 2238 corr.
530 2198 592 2248 H3
619 2194 849 2238 demersos
873 2196 1073 2240 Iacobus
1095 2197 1110 2252 ΙΙ
1137 2201 1219 2240 129
1248 2195 1483 2252 Ospitium
1508 2200 1536 2237 c
1563 2194 1799 2252 Ospicium
1826 2201 1852 2238 S
1879 2195 1883 2254 Ι

196 2251 338 2296 fluuio
363 2254 411 2297 et
434 2254 549 2309 (aut)
572 2254 738 2309 scripsi
747 2271 757 2296 :
783 2253 975 2297 fluuium
1000 2259 1064 2297 OS
1089 2254 1330 2298 fluminum
1354 2258 1436 2301 Ης
1458 2255 1706 2298 fluuiorum
1731 2255 1852 2299 Itali
1878 2255 1882 2311 1

197 2311 278 2355 det
314 2313 499 2367 scripsi:
539 2313 621 2356 aut
659 2315 690 2354 0
729 2312 780 2356 at
818 2311 1021 2368 Scaliyer
1059 2314 1185 2358 haud
1225 2313 1443 2357 Gorallus
1492 2315 1498 2368 Ι
1549 2313 1727 2358 semina
1765 2314 1888 2360 113³?

200 2375 280 2413 131
324 2369 541 2415 Conferte.
579 2371 718 2415 Itali:
761 2369 986 2416 Conserta
1023 2376 1054 2414 0
1100 2374 1115 2429 ΙΙ
1164 2377 1247 2417 132
1287 2374 1411 2416 terra
1450 2377 1534 2415 cs:
1575 2375 1726 2416 terrae
1765 2376 1848 2419 Ης
1884 2388 1886 2430 3

199 2433 282 2472 133
316 2443 436 2485 quae
465 2429 562 2472 iam
592 2443 691 2486 eyoe
725 2443 817 2486 qua
841 2430 983 2474 etiam
1009 2435 1039 2473 0
1073 2431 1240 2487 (eciam
1265 2431 1323 2488 H)
1357 2446 1449 2487 qua
1480 2433 1528 2476 et
1558 2431 1654 2477 iam
1679 2430 1885 2488 Scaliyer

197 2488 423 2542 quaedam
461 2489 534 2533 uel
573 2489 807 2543 quondam
840 2489 1144 2534 Bormansius
1189 2492 1204 2547 ΙΙ
1252 2494 1336 2534 134
1369 2490 1536 2535 clausis
1575 2493 1687 2537 Ηςε
1729 2490 1887 2535 classis

198 2550 264 2587 cs
296 2546 508 2601 (claussis
540 2548 732 2601 Munro)
761 2550 766 2603 Ι
795 2549 843 2592 et
873 2549 911 2592 si
944 2553 970 2590 S
1001 2550 1017 2606 ΙΙ
1051 2554 1133 2594 135
1165 2551 1332 2605 patent
1355 2549 1593 2594 Gorallus:
1627 2549 1778 2593 latent
1811 2553 1841 2591 0
1871 2550 1874 2607 l

196 2604 393 2660 pignora
421 2609 464 2647 Η
493 2620 548 2651 m.
575 2611 606 2651 2
630 2608 646 2663 ΙΙ
672 2611 755 2651 136
787 2606 880 2651 tuis
898 2611 985 2652 OS:
1018 2608 1089 2652 uis
1124 2609 1162 2662 (t
1185 2609 1407 2664 praefiaeit
1437 2623 1492 2654 m.
1519 2611 1572 2664 2)
1602 2611 1644 2650 11
1667 2609 1682 2664 ΙΙ
1708 2613 1791 2652 137
1816 2608 1887 2652 In·

197 2676 379 2707 mensos
398 2668 482 2706 οὓς
502 2665 783 2709 Immensum
799 2669 878 2713 Ης
901 2667 907 2724 Ι
928 2667 1103 2723 passim
1114 2667 1394 2712 Schraderus
1416 2668 1432 2724 Ι]
1458 2671 1541 2712 138
1558 2668 1631 2711 hic
1647 2668 1859 2723 incipitG
1878 2667 1880 2724 ξ

197 2722 324 2766 Inter
340 2723 495 2766 cetera
504 2726 545 2765 11
565 2723 570 2782 Ι
591 2722 703 2768 licet
712 2728 767 2768 G:
786 2725 914 2781 leget
929 2729 957 2767 c
969 2730 994 2768 S
1003 2730 1045 2768 Η
1065 2726 1069 2784 1
1090 2726 1324 2782 densaque
1335 2751 1389 2758 -
1400 2727 1535 2771 nocte
1547 2729 1600 2768 G:
1624 2726 1884 2783 densaeque

198 2805 255 2812 -—
278 2781 405 2826 nocti
429 2785 546 2824 0811
567 2783 583 2838 ΙΙ
609 2787 691 2826 139
726 2784 866 2828 chaos
897 2787 1083 2829 uastum
1116 2787 1164 2829 et
1195 2789 1230 2827 G
1261 2787 1330 2830 ita
1360 2789 1412 2829 ut
1442 2785 1627 2829 uastum
1658 2786 1711 2828 in
1741 2799 1884 2841 mary.

196 2840 256 2882 sit
286 2840 513 2884 additum:
553 2842 717 2897 procul
749 2843 889 2886 chaos
921 2857 976 2887 ac
1010 2848 1127 2887 0⁵11
1161 2846 1167 2901 Ι
1203 2844 1380 2902 ruinas]
1414 2843 1562 2888 minas
1595 2848 1650 2886 G:
1685 2844 1883 2900 ruin(a)e

199 2901 313 2940 csH
336 2898 513 2943 ruinast
531 2901 709 2945 Munro
739 2902 754 2957 ΙΙ
788 2906 871 2945 140
889 2902 1097 2958 spatiosa
1113 2908 1168 2946 G:
1196 2902 1437 2959 spatioque
1464 2902 1620 2959 (-ei0q.
1639 2904 1734 2959 Hs)
1753 2903 1886 2947 ceteri
