1992 3238
178 181 285 234 174
568 182 692 227 XVI.
733 179 1045 225 APPENDIX
1075 179 1468 227 VERGILIANA.

172 316 227 371 N
229 334 287 370 ec
324 316 464 368 ferre
504 316 695 368 durum
733 316 906 386 frigus
947 318 1041 369 aut
1079 318 1287 369 aestum
1326 317 1443 384 pati

247 389 436 458 Neque
476 407 627 442 arma
662 389 884 457 uictoris
926 390 1089 459 sequi.

173 462 396 531 Valent,
433 463 622 515 ualent
660 463 794 516 mihi
831 462 913 515 ira
952 465 1006 515 et
1044 463 1258 532 antiqus
1297 461 1448 515 furor
1834 476 1860 515 5

245 534 321 588 Et
358 537 569 605 lingua,
610 555 717 606 qua
757 536 962 589 adsiem
999 536 1103 588 tibi

172 607 247 662 Et
284 610 611 677 prostitutae
651 607 856 680 (turpe)
899 609 1248 662 contubernio

249 679 473 736 SororiS.
534 701 565 735 o
606 683 732 752 quid
771 701 856 734 me
895 680 1129 734 incitas?

174 755 334 825 Quid,
371 755 622 825 inpudice
661 761 715 809 et
753 754 1086 824 inprobando
1125 752 1370 825 Caesari,

248 826 352 882 Seu
390 829 538 882 furta
577 830 823 882 dicantur
860 831 955 880 tua
1806 843 1860 883 10

172 902 248 955 Et
284 903 523 956 helluato
565 921 683 956 sera
712 901 1037 971 patrimonio

245 974 311 1029 In
347 976 515 1029 fratre
552 975 882 1045 parsimonia

171 1048 275 1103 Vel
314 1052 435 1102 acta
471 1067 639 1117 puero
679 1066 801 1101 cum
839 1048 971 1101 uiris
1011 1047 1262 1101 conuiuia

244 1121 503 1191 Vdaeque
541 1141 637 1191 per
677 1140 925 1175 somnum
963 1123 1117 1174 nates

171 1196 245 1249 Et
282 1196 455 1249 inscio
493 1199 714 1265 repente
754 1196 1044 1248 clamatum
1082 1195 1302 1263 insuper
1807 1210 1861 1249 15

248 1268 513 1322 ‘Talasioz
568 1268 838 1322 Talasiot'

178 1341 316 1404 Quid
355 1343 620 1412 palluisti‚
658 1342 901 1395 femina?
943 1360 1014 1394 an
1051 1342 1155 1395 ioci
1195 1341 1415 1395 dolent?

245 1415 335 1469 An
373 1416 517 1471 facta
556 1417 838 1485 cognoscis
878 1415 1008 1468 tua?

172 1488 300 1543 Non
339 1508 425 1542 me
463 1490 681 1543 uocabis
721 1491 871 1558 pulla
910 1507 1006 1558 per
1046 1487 1292 1559 Cotyttia

245 1563 332 1615 Ad
370 1563 592 1617 feriatos
631 1564 891 1632 fascinOS,
1805 1577 1860 1616 20

290 1786 316 1824 3
349 1782 449 1839 aut]
481 1794 566 1825 nec
597 1785 682 1823 AR
704 1782 720 1837 ΙΙ
742 1785 771 1824 4
802 1780 985 1837 Neque]
1018 1780 1116 1825 Nec
1154 1780 1279 1836 quod
1308 1784 1402 1823 ΗΜ
1424 1782 1439 1837 ΙΙ
1464 1786 1489 1824 5
1520 1782 1590 1824 ira
1621 1783 1669 1826 et
1699 1783 1860 1839 uulgo:

174 1838 292 1883 irate
324 1843 357 1881 B
404 1854 454 1884 re
493 1842 541 1884 et
571 1844 594 1882 1
639 1841 735 1884 irae
776 1841 824 1883 et
862 1840 1167 1884 Bwrmawnus
1215 1841 1221 1895 Ι
1272 1840 1458 1895 antiqus
1490 1844 1592 1883 BH:
1642 1840 1862 1897 antiquus

171 1899 304 1942 ceteri
349 1900 365 1954 ΙΙ
411 1904 437 1942 6
471 1898 647 1942 adsiem
689 1894 976 1954 Wagnerus?
1023 1898 1174 1942 adsim
1205 1902 1236 1940 0
1285 1900 1359 1943 sat
1398 1899 1486 1942 sim
1518 1899 1724 1956 Scaliger
1767 1899 1861 1944 iam

174 1957 323 2001 adsim
359 1956 711 2014 Oudendorpius
741 1957 868 2001 haud
900 1956 1048 2001 desim
1081 1957 1337 2002 Salmasius
1377 1957 1521 2002 dixim
1551 1957 1826 2003 Ribbeckius
1849 1958 1862 2016 Η

174 2020 197 2059 7
229 2014 290 2059 Et
323 2019 375 2058 0:
407 2015 465 2059 Ei
494 2015 758 2061 Scriuerius
787 2014 858 2060 En
890 2017 1114 2061 Heiwsius
1144 2016 1234 2060 Per
1263 2016 1539 2061 Ribbeckius
1572 2019 1578 2073 1
1613 2017 1861 2074 prostitute

170 2077 226 2118 B:
258 2074 452 2131 prestite
483 2079 507 2117 1
549 2078 555 2130 Ι
595 2076 733 2132 turpe
763 2079 796 2117 B
829 2089 884 2119 m.
918 2080 967 2130 2,
998 2079 1101 2118 AB:
1134 2076 1271 2120 turbe
1301 2079 1335 2118 B
1366 2090 1421 2120 m.
1454 2080 1498 2132 1,
1528 2080 1624 2118 ΗΠ
1658 2078 1664 2132 Ι
1698 2078 1861 2120 contu-

169 2133 330 2177 bernio
362 2133 624 2190 Hauptius:
665 2133 1021 2178 contubernium
1054 2138 1085 2176 0
1132 2135 1147 2190 ss
1193 2138 1219 2178 8
1252 2148 1279 2178 o
1310 2138 1364 2176 B:
1398 2148 1481 2179 om.
1514 2139 1536 2177 1
1573 2136 1589 2191 ΙΙ
1628 2139 1653 2178 9
1685 2134 1860 2191 impud.

170 2194 259 2233 ER
292 2194 299 2248 1
334 2193 383 2236 et
413 2205 496 2237 om.
528 2196 623 2235 ΗΜ
659 2195 664 2247 Ι
698 2192 845 2249 iprob.
878 2197 917 2235 Β.
947 2193 1144 2250 improb.
1177 2196 1266 2235 ΔΗ
1308 2195 1313 2249 Ι
1357 2193 1534 2238 caesari
1564 2197 1621 2236 R:
1663 2207 1794 2237 cesar
1823 2197 1862 2235 A

171 2251 341 2296 cesaris
372 2254 406 2293 B
457 2250 599 2295 esaris
631 2255 748 2306 1113
787 2253 943 2296 malim
972 2252 1283 2308 inproba-nde,
1327 2252 1385 2296 de
1417 2252 1556 2297 sacris
1590 2251 1668 2296 Sei
1697 2251 1823 2297 furta
1846 2252 1859 2310 Η

174 2314 229 2353 10
255 2309 346 2354 Seu
371 2313 425 2352 B:
461 2310 550 2355 Sed
574 2315 596 2353 1
629 2310 678 2354 Si
709 2309 972 2355 Scriuerius
997 2311 1174 2367 (potius
1200 2309 1293 2367 Sei)
1322 2312 1328 2367 Ι
1355 2311 1517 2355 furtim
1547 2314 1642 2353 ΗΜ
1664 2311 1680 2367 ΙΙ
1706 2315 1756 2354 11
1783 2312 1861 2354 he·

171 2368 301 2413 luato
333 2383 436 2413 sera
459 2370 598 2426 uulyo
630 2369 757 2426 (hell.
783 2371 894 2426 e90)2
926 2369 1051 2413 helle
1078 2371 1214 2414 uates
1246 2383 1325 2414 era
1347 2373 1380 2412 B
1414 2370 1599 2415 eleuato
1632 2383 1736 2413 sera
1766 2373 1861 2412 ΗΠ

170 2427 350 2472 leuatos
384 2441 463 2472 era
494 2431 531 2470 A
576 2428 735 2472 leuato
768 2442 870 2473 sera
899 2432 938 2470 B.
975 2430 990 2485 H
1031 2433 1083 2471 12
1118 2428 1291 2473 Infrate
1322 2432 1355 2471 B
1399 2431 1405 2484 Ι
1447 2427 1751 2485 parisimonia
1781 2432 1823 2470 11
1846 2428 1862 2487 Η

174 2491 227 2529 13
261 2487 550 2542 contjmunia
572 2491 611 2529 Β
633 2488 649 2543 ΙΙ
675 2491 730 2530 14
762 2487 986 2544 Vdaeque
1017 2490 1051 2529 B
1082 2501 1138 2531 m.
1173 2492 1226 2533 2:
1259 2487 1453 2544 Vdeque
1476 2491 1510 2530 B
1540 2501 1596 2532 m.
1629 2491 1655 2531 1
1688 2487 1859 2543 theq;

171 2548 265 2587 ΗΠ
295 2545 360 2589 Vt
390 2549 475 2587 AB.
509 2549 515 2599 Ι
551 2559 763 2590 somnum
793 2550 848 2589 B:
884 2546 1115 2591 somnium
1146 2550 1169 2589 1
1204 2548 1210 2602 Ι
1244 2547 1364 2591 inter
1395 2546 1627 2591 somnium
1657 2550 1699 2590 et
1727 2547 1860 2590 uates

171 2604 343 2648 lacuna
371 2605 424 2648 in
454 2608 539 2646 AB.
566 2606 571 2660 Ι
598 2606 730 2649 nates
752 2609 786 2647 B
819 2607 878 2662 (11
907 2619 964 2650 m.
997 2606 1070 2662 2):
1102 2607 1234 2649 uates
1265 2610 1287 2648 1
1309 2607 1324 2662 ΙΙ
1351 2610 1404 2649 15
1436 2605 1518 2663 Et]
1552 2605 1590 2648 E
1621 2609 1660 2646 R
1686 2608 1692 2662 Ι
1722 2617 1860 2661 super

172 2675 199 2709 ς
238 2663 254 2718 ΙΙ
294 2667 347 2706 16
380 2663 568 2707 Talasio
601 2665 670 2708 bis
699 2668 784 2706 AB
823 2664 1005 2708 Talesio
1038 2665 1107 2709 bis
1137 2667 1230 2706 ΗΜ
1279 2664 1523 2709 Thassalio
1557 2664 1626 2708 bis
1655 2678 1712 2710 m.
1744 2666 1777 2707 2
1807 2664 1860 2706 in

170 2720 416 2766 Thalassio
447 2735 561 2766 corr.
585 2725 618 2764 B
643 2723 658 2779 ΙΙ
674 2727 781 2778 post
807 2728 860 2767 16
892 2724 944 2766 in
974 2728 997 2765 1
1029 2724 1241 2780 Zeyuntur
1263 2724 1327 2767 XI
1353 2727 1512 2779 9—12‚
1545 2735 1654 2779 quos
1677 2735 1759 2766 om.
1785 2725 1818 2763 B
1853 2722 1859 2778 1

174 2784 228 2823 17
259 2779 354 2824 Vid
384 2784 423 2822 Β
456 2781 463 2838 Ι
497 2780 690 2836 paluisti
719 2786 761 2823 11
791 2781 1005 2838 paluistis
1036 2786 1082 2824 m
1115 2784 1121 2837 1
1156 2780 1362 2826 foemina
1392 2786 1431 2823 Β.
1465 2784 1471 2837 Ι
1506 2795 1566 2825 an
1595 2785 1637 2823 1:
1671 2793 1754 2824 om.
1785 2783 1818 2822 Β
1853 2780 1859 2838 Ι

175 2842 229 2881 19
260 2839 367 2883 Non
397 2853 472 2883 me
502 2842 556 2881 B:
590 2839 756 2883 Nonne
788 2842 861 2885 uel
890 2840 997 2885 Non
1027 2854 1084 2884 ne
1116 2845 1139 2883 1
1165 2843 1171 2894 l
1198 2842 1329 2898 pulla
1359 2841 1545 2896 scripsi:
1578 2839 1741 2895 pulcra
1770 2842 1857 2880 ΒΜ

172 2897 366 2955 pulchra
398 2901 535 2940 ΑΒΜ
566 2912 733 2954 spurca
756 2899 997 2955 Hauptius
1023 2905 1030 2956 1
1056 2898 1226 2944 ,cocitia
1248 2904 1281 2942 Β
1314 2899 1495 2956 cocytia
1514 2902 1536 2941 Ι
1568 2897 1774 2954 (ecoycia
1796 2900 1857 2952 M>
