1992 3238
149 190 218 242 33
753 185 873 231 XVI.
913 186 1222 232 APPENDIX

150 328 335 392 septem»
381 318 517 374 κατὰ
567 317 782 374 λεπτόν.
843 319 934 372 sed
982 321 1233 390 quoniam
1279 321 1367 375 hic
1411 322 1603 375 titulus
1653 340 1838 391 quam-

155 415 316 467 quam
350 394 617 464 probabili
641 395 883 462 repertus
907 394 1316 448 ratiocinatione
1348 397 1530 448 tamen
1554 413 1665 448 non
1689 398 1834 449 certo

151 470 560 537 indubitatoque
591 467 903 520 testimonio
945 469 1028 519 est
1064 467 1312 536 traditus,
1350 468 1407 519 in
1446 469 1565 537 ipsa
1603 468 1836 522 editione

154 563 185 596 a
223 542 379 595 nobis
417 543 657 594 retentus
704 543 787 594 est
831 541 877 592 is
925 541 1017 610 qui
1055 540 1177 593 inde
1219 559 1249 594 a
1289 540 1561 611 Scaligero
1601 543 1838 610 optinuit

152 616 429 684 Amaendioe
476 610 786 683 Vergiliana.

300 688 547 741 Vidimus
601 688 842 740 omnium
889 690 1131 739 ueterum
1177 689 1480 756 auctorum,
1534 688 1625 756 qui
1677 688 1838 742 huius

153 762 388 832 sylloges
427 762 747 831 particulam
779 761 1015 828 aliquam
1046 760 1361 830 tetigerunt,
1400 761 1634 828 primum
1673 761 1854 831 fuisse-

151 836 427 889 Lucanum
461 835 548 902 [cf.
572 854 621 904 p.
646 835 765 900 251:
805 851 978 902 neque
1017 833 1159 901 apud
1192 833 1476 902 scriptores
1514 834 1658 888 hunc
1690 840 1838 889 ante-

153 910 398 963 cedentes
438 907 541 977 (ex.
581 925 659 978 gr.
700 906 958 974 Senecam
996 906 1290 977 rhetorem)
1329 924 1501 976 neque
1541 908 1682 976 apud
1713 908 1842 962 Oui-

155 983 305 1035 dium
344 983 487 1035 illius
528 984 675 1034 extat
714 982 932 1034 mentio.
985 980 1032 1033 is
1066 980 1210 1033 enim
1240 981 1351 1033 fere
1384 999 1525 1033 anno
1564 1000 1615 1050 p.
1640 979 1763 1035 Chr.
1788 1000 1840 1036 n.

152 1057 431 1109 undecimo
470 1055 760 1108 secundum
793 1054 1054 1107 Tristium
1093 1054 1292 1106 librum
1324 1053 1576 1124 Augusto
1615 1055 1838 1109 mittens

153 1149 241 1183 un.
281 1128 572 1198 533-538
613 1127 977 1196 praelusiones
1017 1126 1383 1196 VergilianaS,
1425 1128 1470 1180 si
1508 1131 1625 1181 tum
1665 1128 1839 1182 editae

152 1207 415 1272 notaeque
470 1201 722 1270 fuissent,
778 1201 981 1269 optime
1035 1201 1093 1253 in
1147 1218 1261 1252 rem
1306 1218 1502 1254 uocare
1554 1202 1840 1270 potuisset.

154 1277 294 1329 unde
348 1293 460 1328 non
520 1277 720 1327 temere
776 1274 1010 1328 conicias
1065 1274 1367 1342 imperante
1421 1273 1646 1328 Claudio
1707 1275 1841 1329 hacc

156 1349 411 1419 opuscula
470 1349 526 1400 in
579 1349 751 1401 lucem
807 1366 923 1400 esse
985 1348 1208 1416 emissa,
1268 1351 1322 1400 et
1376 1347 1574 1400 emissa
1627 1348 1843 1417 quidem

155 1422 397 1495 (mortuo
451 1424 582 1491 puto
636 1419 975 1491 Messallino)
1030 1440 1095 1474 ex
1149 1422 1310 1474 cartis
1363 1421 1422 1473 in
1467 1420 1844 1475 Messallarum

156 1498 315 1550 domo
369 1495 617 1549 inuentis.
652 1512 654 1514 ·
691 1514 795 1565 qua
850 1495 913 1549 de
966 1513 1023 1548 re
1080 1494 1189 1547 dixi
1243 1494 1636 1548 dissertationis
1692 1513 1844 1549 meae

157 1570 510 1623 ‘Tibullische
560 1568 829 1621 Blaetter'
885 1586 1012 1639 pgg.
1058 1568 1321 1621 49—53.
1384 1567 1590 1621 addidit
1644 1572 1842 1638 autem,

155 1644 398 1714 quisquis
459 1643 563 1695 fuit
624 1642 716 1711 qui
771 1645 975 1711 septem
1036 1642 1137 1695 hos
1191 1642 1403 1695 libellos
1459 1642 1558 1695 sub
1611 1641 1844 1713 Vergilii

153 1718 372 1771 nomine
424 1717 482 1769 in
536 1734 702 1769 unum
757 1716 997 1785 collegit,
1049 1716 1106 1768 in
1159 1715 1264 1767 fine
1320 1715 1658 1785 epigramma
1709 1716 1843 1770 illud

164 1792 288 1845 Vate
325 1789 608 1858 Syracosio.
672 1808 775 1859 quo
817 1807 935 1842 cum
985 1792 1165 1858 aperte
1212 1788 1505 1842 indicatum
1545 1790 1617 1843 sit
1654 1789 1844 1843 haberi

155 1865 212 1918 in
249 1865 394 1917 libro
427 1864 568 1917 uatis
602 1864 884 1916 Mantuani
921 1863 1097 1932 prima
1129 1863 1394 1915 elementa
1422 1862 1715 1933 rudemque
1752 1863 1843 1917 ad·

155 1939 258 1991 huc
290 1938 516 2007 Musam,
549 1938 676 2007 quid
704 1937 901 1989 mirum
935 1940 1017 1990 est
1049 1937 1095 1989 si
1125 1936 1224 1989 has
1255 1936 1624 2004 praelusiones
1658 1936 1845 1989 statim

158 2012 242 2080 (ut
286 2011 491 2064 Lucani
537 2011 840 2079 exemplum
887 2008 1068 2080 docet)
1125 2027 1308 2063 omnes
1355 2009 1588 2062 Romani
1642 2010 1844 2062 creduli

158 2088 498 2154 acceperunt,
544 2088 597 2137 et
641 2084 876 2137 nominis
918 2083 1220 2155 Vergiliani
1267 2101 1448 2136 amore
1487 2083 1753 2136 occaecati
1792 2086 1847 2136 et

156 2163 348 2228 poetae
389 2159 783 2211 adulescentiae
822 2157 1025 2227 aliquid
1065 2156 1478 2210 condonandum
1515 2156 1659 2209 rati?
1715 2156 1845 2225 quin

155 2232 263 2301 ipsi
309 2232 609 2285 litterarum
649 2231 838 2284 arbitri
861 2225 1051 2284 ‘seueri
1099 2229 1240 2299 quod
1277 2229 1384 2282 nisi
1430 2229 1494 2282 de
1540 2229 1643 2283 hac
1682 2230 1845 2282 illaue

157 2305 422 2374 particula
455 2303 539 2376 (ut
571 2303 858 2358 Suetonius
892 2304 956 2357 de
988 2300 1189 2374 Aetna)
1222 2321 1333 2357 non
1363 2303 1661 2356 iniecerunt
1693 2303 1846 2356 dubi·

157 2379 415 2447 tationeS,
456 2379 578 2432 hinc
620 2377 928 2447 explicatur.
