<?xml version="1.0" encoding="UTF-8"?>
<!DOCTYPE html PUBLIC "-//W3C//DTD XHTML 1.0 Transitional//EN"
    "http://www.w3.org/TR/xhtml1/DTD/xhtml1-transitional.dtd">
<html xmlns="http://www.w3.org/1999/xhtml" xml:lang="en" lang="en">
 <head>
  <title>
</title>
<meta http-equiv="Content-Type" content="text/html;charset=utf-8" />
  <meta name='ocr-system' content='tesseract 3.04.00' />
  <meta name='ocr-capabilities' content='ocr_page ocr_carea ocr_par ocr_line ocrx_word'/>
</head>
<body>
  <div class='ocr_page' id='page_1' title='image "./poetaelatinimino02baehuoft_0033.png"; bbox 0 0 1992 3238; ppageno 0'>
   <div class='ocr_carea' id='block_1_1' title="bbox 727 198 1762 255">
    <p class='ocr_par' dir='ltr' id='par_1_1' title="bbox 727 198 1762 255">
     <span class='ocr_line' id='line_1_1' title="bbox 727 198 1762 255; baseline 0.012 -12"><span class='ocrx_word' id='word_1_1' title='bbox 727 198 1119 245; x_wconf 80' lang='lat' dir='ltr'>VERGILIANA.</span> <span class='ocrx_word' id='word_1_2' title='bbox 1692 202 1762 255; x_wconf 80' lang='grc'>29</span> 
     </span>
    </p>
   </div>
   <div class='ocr_carea' id='block_1_2' title="bbox 29 328 1790 2527">
    <p class='ocr_par' dir='ltr' id='par_1_2' title="bbox 76 328 1770 680">
     <span class='ocr_line' id='line_1_2' title="bbox 76 328 1764 404; baseline 0.001 -18"><span class='ocrx_word' id='word_1_3' title='bbox 76 334 254 387; x_wconf 87' lang='lat' dir='ltr'>Dirar.</span> <span class='ocrx_word' id='word_1_4' title='bbox 303 334 370 386; x_wconf 81' lang='lat'>57</span> <span class='ocrx_word' id='word_1_5' title='bbox 424 358 492 376; x_wconf 92' lang='lat'>=</span> <span class='ocrx_word' id='word_1_6' title='bbox 543 331 659 387; x_wconf 77' lang='lat' dir='ltr'>Cat..</span> <span class='ocrx_word' id='word_1_7' title='bbox 706 333 800 400; x_wconf 87' lang='lat'>64,</span> <span class='ocrx_word' id='word_1_8' title='bbox 850 333 973 402; x_wconf 89' lang='lat'>14),</span> <span class='ocrx_word' id='word_1_9' title='bbox 1032 328 1190 386; x_wconf 86' lang='lat' dir='ltr'>facile</span> <span class='ocrx_word' id='word_1_10' title='bbox 1242 336 1482 388; x_wconf 88' lang='lat' dir='ltr'>nascitur</span> <span class='ocrx_word' id='word_1_11' title='bbox 1536 335 1764 404; x_wconf 87' lang='lat' dir='ltr'>suspitio</span> 
     </span>
     <span class='ocr_line' id='line_1_3' title="bbox 81 404 1765 476; baseline 0 -16"><span class='ocrx_word' id='word_1_12' title='bbox 81 408 239 460; x_wconf 92' lang='lat' dir='ltr'>illum</span> <span class='ocrx_word' id='word_1_13' title='bbox 279 406 392 459; x_wconf 90' lang='lat' dir='ltr'>siue</span> <span class='ocrx_word' id='word_1_14' title='bbox 431 406 648 474; x_wconf 88' lang='lat' dir='ltr'>praedio</span> <span class='ocrx_word' id='word_1_15' title='bbox 688 423 786 459; x_wconf 89' lang='lat' dir='ltr'>suo</span> <span class='ocrx_word' id='word_1_16' title='bbox 825 424 871 457; x_wconf 87' lang='lat' dir='ltr'>a.</span> <span class='ocrx_word' id='word_1_17' title='bbox 903 406 972 457; x_wconf 87' lang='lat'>41</span> <span class='ocrx_word' id='word_1_18' title='bbox 1008 424 1053 457; x_wconf 87' lang='lat' dir='ltr'>a.</span> <span class='ocrx_word' id='word_1_19' title='bbox 1086 404 1210 459; x_wconf 85' lang='lat' dir='ltr'><strong>Chr.</strong></span> <span class='ocrx_word' id='word_1_20' title='bbox 1249 426 1301 460; x_wconf 87' lang='lat' dir='ltr'>n.</span> <span class='ocrx_word' id='word_1_21' title='bbox 1339 409 1612 476; x_wconf 90' lang='lat' dir='ltr'>priuatum</span> <span class='ocrx_word' id='word_1_22' title='bbox 1651 408 1765 460; x_wconf 87' lang='lat' dir='ltr'>siue</span> 
     </span>
     <span class='ocr_line' id='line_1_4' title="bbox 80 477 1765 549; baseline 0.001 -17"><span class='ocrx_word' id='word_1_23' title='bbox 80 480 160 533; x_wconf 83' lang='lat' dir='ltr'>ita</span> <span class='ocrx_word' id='word_1_24' title='bbox 197 480 492 549; x_wconf 88' lang='lat' dir='ltr'>fingentem</span> <span class='ocrx_word' id='word_1_25' title='bbox 531 479 876 532; x_wconf 86' lang='lat' dir='ltr'>celeberrima</span> <span class='ocrx_word' id='word_1_26' title='bbox 913 478 1006 530; x_wconf 89' lang='lat' dir='ltr'>illa</span> <span class='ocrx_word' id='word_1_27' title='bbox 1037 477 1274 546; x_wconf 82' lang='lat' dir='ltr'>Catonis,</span> <span class='ocrx_word' id='word_1_28' title='bbox 1302 482 1610 534; x_wconf 81' lang='lat' dir='ltr'>communis</span> <span class='ocrx_word' id='word_1_29' title='bbox 1643 498 1765 534; x_wconf 87' lang='lat' dir='ltr'>can-</span> 
     </span>
     <span class='ocr_line' id='line_1_5' title="bbox 78 549 1770 621; baseline 0.001 -16"><span class='ocrx_word' id='word_1_30' title='bbox 78 556 260 606; x_wconf 89' lang='lat' dir='ltr'>torum</span> <span class='ocrx_word' id='word_1_31' title='bbox 286 552 653 621; x_wconf 84' lang='lat' dir='ltr'>Euphorionis</span> <span class='ocrx_word' id='word_1_32' title='bbox 684 551 1063 620; x_wconf 76' lang='lat' dir='ltr'>praeceptoriS‚</span> <span class='ocrx_word' id='word_1_33' title='bbox 1095 553 1354 619; x_wconf 89' lang='lat' dir='ltr'>opuscula</span> <span class='ocrx_word' id='word_1_34' title='bbox 1386 555 1494 606; x_wconf 90' lang='lat' dir='ltr'>suis</span> <span class='ocrx_word' id='word_1_35' title='bbox 1519 549 1770 607; x_wconf 79' lang='lat' dir='ltr'>uersibus</span> 
     </span>
     <span class='ocr_line' id='line_1_6' title="bbox 80 627 584 680; baseline -0.002 0"><span class='ocrx_word' id='word_1_36' title='bbox 80 643 198 680; x_wconf 86' lang='lat' dir='ltr'>esse</span> <span class='ocrx_word' id='word_1_37' title='bbox 239 627 584 679; x_wconf 87' lang='lat' dir='ltr'>aemulatum.</span> 
     </span>
    </p>

    <p class='ocr_par' dir='ltr' id='par_1_3' title="bbox 45 698 1777 1645">
     <span class='ocr_line' id='line_1_7' title="bbox 229 698 1764 767; baseline 0 -16"><span class='ocrx_word' id='word_1_38' title='bbox 229 699 316 751; x_wconf 92' lang='lat' dir='ltr'>Ad</span> <span class='ocrx_word' id='word_1_39' title='bbox 367 698 635 767; x_wconf 73' lang='lat' dir='ltr'>perfectae</span> <span class='ocrx_word' id='word_1_40' title='bbox 689 716 815 751; x_wconf 90' lang='lat' dir='ltr'>uero</span> <span class='ocrx_word' id='word_1_41' title='bbox 863 698 1209 767; x_wconf 87' lang='lat' dir='ltr'>excultaeque</span> <span class='ocrx_word' id='word_1_42' title='bbox 1263 699 1441 766; x_wconf 87' lang='lat' dir='ltr'>poesis</span> <span class='ocrx_word' id='word_1_43' title='bbox 1489 698 1764 752; x_wconf 82' lang='lat' dir='ltr'>Romanae</span> 
     </span>
     <span class='ocr_line' id='line_1_8' title="bbox 79 770 1766 840; baseline 0 -16"><span class='ocrx_word' id='word_1_44' title='bbox 79 774 312 824; x_wconf 88' lang='lat' dir='ltr'>aetatem</span> <span class='ocrx_word' id='word_1_45' title='bbox 349 790 448 825; x_wconf 86' lang='lat' dir='ltr'>nos</span> <span class='ocrx_word' id='word_1_46' title='bbox 487 774 706 824; x_wconf 89' lang='lat' dir='ltr'>reuocat</span> <span class='ocrx_word' id='word_1_47' title='bbox 746 770 872 840; x_wconf 83' lang='lat' dir='ltr'>Gop</span> <span class='ocrx_word' id='word_1_48' title='bbox 884 789 937 839; x_wconf 85' lang='lat' dir='ltr'>a,</span> <span class='ocrx_word' id='word_1_49' title='bbox 983 789 1199 824; x_wconf 89' lang='lat' dir='ltr'>carmen</span> <span class='ocrx_word' id='word_1_50' title='bbox 1244 771 1386 823; x_wconf 90' lang='lat' dir='ltr'>inter</span> <span class='ocrx_word' id='word_1_51' title='bbox 1424 771 1766 825; x_wconf 83' lang='lat' dir='ltr'>felicissimos</span> 
     </span>
     <span class='ocr_line' id='line_1_9' title="bbox 79 844 1769 915; baseline -0.001 -17"><span class='ocrx_word' id='word_1_52' title='bbox 79 845 201 898; x_wconf 85' lang='lat' dir='ltr'>aeui</span> <span class='ocrx_word' id='word_1_53' title='bbox 247 845 515 915; x_wconf 73' lang='lat' dir='ltr'>Augustei</span> <span class='ocrx_word' id='word_1_54' title='bbox 559 844 703 898; x_wconf 87' lang='lat' dir='ltr'>fetus</span> <span class='ocrx_word' id='word_1_55' title='bbox 750 844 1070 913; x_wconf 90' lang='lat' dir='ltr'>ponendum.</span> <span class='ocrx_word' id='word_1_56' title='bbox 1140 844 1232 896; x_wconf 91' lang='lat' dir='ltr'>sed</span> <span class='ocrx_word' id='word_1_57' title='bbox 1279 862 1532 896; x_wconf 86' lang='lat' dir='ltr'>sensuum</span> <span class='ocrx_word' id='word_1_58' title='bbox 1578 845 1769 897; x_wconf 87' lang='lat' dir='ltr'>dictio-</span> 
     </span>
     <span class='ocr_line' id='line_1_10' title="bbox 77 917 1772 987; baseline -0.001 -17"><span class='ocrx_word' id='word_1_59' title='bbox 77 927 312 987; x_wconf 86' lang='lat' dir='ltr'>numque</span> <span class='ocrx_word' id='word_1_60' title='bbox 366 918 553 971; x_wconf 88' lang='lat' dir='ltr'>hilaris</span> <span class='ocrx_word' id='word_1_61' title='bbox 608 918 878 971; x_wconf 87' lang='lat' dir='ltr'>festiuitas</span> <span class='ocrx_word' id='word_1_62' title='bbox 933 917 990 969; x_wconf 90' lang='lat' dir='ltr'>in</span> <span class='ocrx_word' id='word_1_63' title='bbox 1037 935 1099 969; x_wconf 92' lang='lat' dir='ltr'>eo</span> <span class='ocrx_word' id='word_1_64' title='bbox 1148 918 1437 985; x_wconf 87' lang='lat' dir='ltr'>conspicua</span> <span class='ocrx_word' id='word_1_65' title='bbox 1485 917 1657 970; x_wconf 87' lang='lat' dir='ltr'>effecit</span> <span class='ocrx_word' id='word_1_66' title='bbox 1710 920 1772 970; x_wconf 92' lang='lat' dir='ltr'>ut</span> 
     </span>
     <span class='ocr_line' id='line_1_11' title="bbox 81 990 1774 1061; baseline -0.001 -17"><span class='ocrx_word' id='word_1_67' title='bbox 81 990 327 1061; x_wconf 87' lang='lat' dir='ltr'>Vergilio</span> <span class='ocrx_word' id='word_1_68' title='bbox 370 991 671 1044; x_wconf 83' lang='lat' dir='ltr'>adscribere</span> <span class='ocrx_word' id='word_1_69' title='bbox 710 1009 822 1044; x_wconf 93' lang='lat' dir='ltr'>non</span> <span class='ocrx_word' id='word_1_70' title='bbox 853 991 969 1043; x_wconf 87' lang='lat' dir='ltr'>sine</span> <span class='ocrx_word' id='word_1_71' title='bbox 1006 990 1122 1042; x_wconf 91' lang='lat' dir='ltr'>iure</span> <span class='ocrx_word' id='word_1_72' title='bbox 1155 991 1313 1042; x_wconf 91' lang='lat' dir='ltr'>multi</span> <span class='ocrx_word' id='word_1_73' title='bbox 1351 990 1673 1043; x_wconf 72' lang='lat' dir='ltr'>dubitarent.</span> <span class='ocrx_word' id='word_1_74' title='bbox 1721 995 1774 1043; x_wconf 91' lang='lat' dir='ltr'>et</span> 
     </span>
     <span class='ocr_line' id='line_1_12' title="bbox 45 1062 1774 1134; baseline -0.001 -17"><span class='ocrx_word' id='word_1_75' title='bbox 45 1065 248 1127; x_wconf 11' lang='lat' dir='ltr'>*habet</span> <span class='ocrx_word' id='word_1_76' title='bbox 303 1083 431 1117; x_wconf 90' lang='lat' dir='ltr'>sane</span> <span class='ocrx_word' id='word_1_77' title='bbox 484 1065 698 1117; x_wconf 89' lang='lat' dir='ltr'>libellus</span> <span class='ocrx_word' id='word_1_78' title='bbox 755 1064 898 1133; x_wconf 92' lang='lat' dir='ltr'>quod</span> <span class='ocrx_word' id='word_1_79' title='bbox 944 1064 1118 1134; x_wconf 88' lang='lat' dir='ltr'>magis</span> <span class='ocrx_word' id='word_1_80' title='bbox 1169 1062 1352 1116; x_wconf 89' lang='lat' dir='ltr'>Ouidii</span> <span class='ocrx_word' id='word_1_81' title='bbox 1398 1063 1774 1132; x_wconf 85' lang='lat' dir='ltr'>Propertiique</span> 
     </span>
     <span class='ocr_line' id='line_1_13' title="bbox 79 1135 1773 1206; baseline -0.001 -15"><span class='ocrx_word' id='word_1_82' title='bbox 79 1136 121 1206; x_wconf 67' lang='grc' dir='ltr'>(ε</span> <span class='ocrx_word' id='word_1_83' title='bbox 137 1135 319 1206; x_wconf 85' lang='lat' dir='ltr'>Copae</span> <span class='ocrx_word' id='word_1_84' title='bbox 359 1140 574 1190; x_wconf 89' lang='lat' dir='ltr'>auctore</span> <span class='ocrx_word' id='word_1_85' title='bbox 615 1137 846 1190; x_wconf 86' lang='lat' dir='ltr'>alterum</span> <span class='ocrx_word' id='word_1_86' title='bbox 878 1136 1148 1190; x_wconf 89' lang='lat' dir='ltr'>neminem</span> <span class='ocrx_word' id='word_1_87' title='bbox 1180 1136 1551 1190; x_wconf 87' lang='lat' dir='ltr'>Romanorum</span> <span class='ocrx_word' id='word_1_88' title='bbox 1582 1137 1773 1189; x_wconf 88' lang='lat' dir='ltr'>melius</span> 
     </span>
     <span class='ocr_line' id='line_1_14' title="bbox 79 1209 1776 1280; baseline -0.001 -16"><span class='ocrx_word' id='word_1_89' title='bbox 79 1211 348 1280; x_wconf 76' lang='lat' dir='ltr'>Propertii</span> <span class='ocrx_word' id='word_1_90' title='bbox 395 1229 579 1264; x_wconf 88' lang='lat' dir='ltr'>uersus</span> <span class='ocrx_word' id='word_1_91' title='bbox 626 1209 870 1264; x_wconf 86' lang='lat' dir='ltr'>nouisse&#39;</span> <span class='ocrx_word' id='word_1_92' title='bbox 922 1213 1106 1263; x_wconf 89' lang='lat' dir='ltr'>censet</span> <span class='ocrx_word' id='word_1_93' title='bbox 1152 1209 1538 1279; x_wconf 86' lang='lat' dir='ltr'>Hertzbergius</span> <span class='ocrx_word' id='word_1_94' title='bbox 1586 1228 1776 1263; x_wconf 90' lang='lat' dir='ltr'>comm.</span> 
     </span>
     <span class='ocr_line' id='line_1_15' title="bbox 81 1283 1774 1354; baseline -0.001 -17"><span class='ocrx_word' id='word_1_95' title='bbox 81 1284 243 1352; x_wconf 89' lang='lat' dir='ltr'>Prop.</span> <span class='ocrx_word' id='word_1_96' title='bbox 280 1303 332 1352; x_wconf 90' lang='lat' dir='ltr'>p.</span> <span class='ocrx_word' id='word_1_97' title='bbox 372 1283 504 1353; x_wconf 79' lang='lat'><strong>321)</strong></span> <span class='ocrx_word' id='word_1_98' title='bbox 555 1303 717 1353; x_wconf 91' lang='lat' dir='ltr'>quam</span> <span class='ocrx_word' id='word_1_99' title='bbox 757 1284 997 1336; x_wconf 89' lang='lat' dir='ltr'>Maronis</span> <span class='ocrx_word' id='word_1_100' title='bbox 1047 1284 1266 1354; x_wconf 90' lang='lat' dir='ltr'>genium</span> <span class='ocrx_word' id='word_1_101' title='bbox 1314 1284 1504 1351; x_wconf 90' lang='lat' dir='ltr'>sapiat.</span> <span class='ocrx_word' id='word_1_102' title='bbox 1568 1283 1660 1336; x_wconf 88' lang='lat' dir='ltr'>sed</span> <span class='ocrx_word' id='word_1_103' title='bbox 1707 1283 1774 1335; x_wconf 89' lang='lat' dir='ltr'>ab</span> 
     </span>
     <span class='ocr_line' id='line_1_16' title="bbox 81 1357 1775 1425; baseline -0.001 -15"><span class='ocrx_word' id='word_1_104' title='bbox 81 1358 183 1410; x_wconf 88' lang='lat' dir='ltr'>hoc</span> <span class='ocrx_word' id='word_1_105' title='bbox 238 1358 378 1410; x_wconf 90' lang='lat' dir='ltr'>tales</span> <span class='ocrx_word' id='word_1_106' title='bbox 426 1375 613 1410; x_wconf 89' lang='lat' dir='ltr'>uersus</span> <span class='ocrx_word' id='word_1_107' title='bbox 662 1357 823 1410; x_wconf 83' lang='lat' dir='ltr'>scribi</span> <span class='ocrx_word' id='word_1_108' title='bbox 870 1357 1090 1410; x_wconf 88' lang='lat' dir='ltr'>omnino</span> <span class='ocrx_word' id='word_1_109' title='bbox 1147 1357 1395 1425; x_wconf 79' lang='lat' dir='ltr'>nequisse</span> <span class='ocrx_word' id='word_1_110' title='bbox 1455 1374 1576 1409; x_wconf 91' lang='lat' dir='ltr'>cum</span> <span class='ocrx_word' id='word_1_111' title='bbox 1623 1375 1775 1408; x_wconf 89' lang='lat' dir='ltr'>num-</span> 
     </span>
     <span class='ocr_line' id='line_1_17' title="bbox 81 1429 1777 1500; baseline -0.001 -17"><span class='ocrx_word' id='word_1_112' title='bbox 81 1448 246 1500; x_wconf 89' lang='lat' dir='ltr'>quam</span> <span class='ocrx_word' id='word_1_113' title='bbox 293 1433 438 1483; x_wconf 86' lang='lat' dir='ltr'>certo</span> <span class='ocrx_word' id='word_1_114' title='bbox 486 1431 785 1498; x_wconf 81' lang='lat' dir='ltr'>euincatur,</span> <span class='ocrx_word' id='word_1_115' title='bbox 839 1431 897 1482; x_wconf 91' lang='lat' dir='ltr'>in</span> <span class='ocrx_word' id='word_1_116' title='bbox 944 1429 1118 1482; x_wconf 92' lang='lat' dir='ltr'>medio</span> <span class='ocrx_word' id='word_1_117' title='bbox 1167 1447 1251 1481; x_wconf 90' lang='lat' dir='ltr'>res</span> <span class='ocrx_word' id='word_1_118' title='bbox 1300 1430 1377 1481; x_wconf 89' lang='lat' dir='ltr'>ita</span> <span class='ocrx_word' id='word_1_119' title='bbox 1427 1429 1777 1498; x_wconf 90' lang='lat' dir='ltr'>relinquenda</span> 
     </span>
     <span class='ocr_line' id='line_1_18' title="bbox 81 1501 1776 1571; baseline -0.001 -15"><span class='ocrx_word' id='word_1_120' title='bbox 81 1507 166 1557; x_wconf 88' lang='lat' dir='ltr'>est</span> <span class='ocrx_word' id='word_1_121' title='bbox 203 1506 264 1555; x_wconf 86' lang='lat' dir='ltr'>ut</span> <span class='ocrx_word' id='word_1_122' title='bbox 312 1506 497 1555; x_wconf 89' lang='lat' dir='ltr'>tamen</span> <span class='ocrx_word' id='word_1_123' title='bbox 544 1503 667 1555; x_wconf 91' lang='lat' dir='ltr'>inde</span> <span class='ocrx_word' id='word_1_124' title='bbox 716 1503 859 1571; x_wconf 92' lang='lat' dir='ltr'>quod</span> <span class='ocrx_word' id='word_1_125' title='bbox 899 1503 1106 1555; x_wconf 89' lang='lat' dir='ltr'>codices</span> <span class='ocrx_word' id='word_1_126' title='bbox 1129 1501 1391 1571; x_wconf 82' lang='lat' dir='ltr'>Vergilio</span> <span class='ocrx_word' id='word_1_127' title='bbox 1431 1520 1644 1554; x_wconf 90' lang='lat' dir='ltr'>carmen</span> <span class='ocrx_word' id='word_1_128' title='bbox 1685 1503 1776 1555; x_wconf 87' lang='lat' dir='ltr'>ad-</span> 
     </span>
     <span class='ocr_line' id='line_1_19' title="bbox 82 1574 1230 1645; baseline -0.002 -16"><span class='ocrx_word' id='word_1_129' title='bbox 82 1574 272 1630; x_wconf 89' lang='lat' dir='ltr'>dicunt</span> <span class='ocrx_word' id='word_1_130' title='bbox 309 1577 388 1629; x_wconf 89' lang='lat' dir='ltr'>nil</span> <span class='ocrx_word' id='word_1_131' title='bbox 426 1575 677 1645; x_wconf 88' lang='lat' dir='ltr'>ponderis</span> <span class='ocrx_word' id='word_1_132' title='bbox 719 1575 968 1629; x_wconf 79' lang='lat' dir='ltr'>accedere</span> <span class='ocrx_word' id='word_1_133' title='bbox 1009 1576 1230 1627; x_wconf 82' lang='lat' dir='ltr'>aiamuS.</span> 
     </span>
    </p>

    <p class='ocr_par' dir='ltr' id='par_1_4' title="bbox 29 1647 1790 2527">
     <span class='ocr_line' id='line_1_20' title="bbox 233 1647 1783 1719; baseline -0.003 -16"><span class='ocrx_word' id='word_1_134' title='bbox 233 1649 482 1703; x_wconf 89' lang='lat' dir='ltr'>Aetnae</span> <span class='ocrx_word' id='word_1_135' title='bbox 523 1652 795 1703; x_wconf 74' lang='lat' dir='ltr'>auctorem</span> <span class='ocrx_word' id='word_1_136' title='bbox 825 1648 978 1719; x_wconf 84' lang='lat' dir='ltr'>(nam</span> <span class='ocrx_word' id='word_1_137' title='bbox 1007 1647 1267 1718; x_wconf 81' lang='lat' dir='ltr'>Vergilio,</span> <span class='ocrx_word' id='word_1_138' title='bbox 1307 1648 1392 1700; x_wconf 92' lang='lat' dir='ltr'>cui</span> <span class='ocrx_word' id='word_1_139' title='bbox 1428 1648 1614 1700; x_wconf 88' lang='lat' dir='ltr'>itidem</span> <span class='ocrx_word' id='word_1_140' title='bbox 1653 1647 1783 1700; x_wconf 91' lang='lat' dir='ltr'>dant</span> 
     </span>
     <span class='ocr_line' id='line_1_21' title="bbox 29 1719 1780 1793; baseline -0.002 -16"><span class='ocrx_word' id='word_1_141' title='bbox 29 1776 31 1778; x_wconf 85' lang='grc'><strong>,</strong></span> <span class='ocrx_word' id='word_1_142' title='bbox 86 1724 243 1793; x_wconf 86' lang='lat' dir='ltr'>libri,</span> <span class='ocrx_word' id='word_1_143' title='bbox 279 1741 437 1776; x_wconf 91' lang='lat' dir='ltr'>nemo</span> <span class='ocrx_word' id='word_1_144' title='bbox 475 1723 560 1776; x_wconf 90' lang='lat' dir='ltr'>his</span> <span class='ocrx_word' id='word_1_145' title='bbox 599 1726 713 1775; x_wconf 88' lang='lat' dir='ltr'>tam</span> <span class='ocrx_word' id='word_1_146' title='bbox 752 1722 997 1775; x_wconf 88' lang='lat' dir='ltr'>credulus</span> <span class='ocrx_word' id='word_1_147' title='bbox 1039 1727 1155 1774; x_wconf 89' lang='lat' dir='ltr'>erat</span> <span class='ocrx_word' id='word_1_148' title='bbox 1186 1724 1247 1774; x_wconf 91' lang='lat' dir='ltr'>ut</span> <span class='ocrx_word' id='word_1_149' title='bbox 1278 1721 1562 1791; x_wconf 84' lang='lat' dir='ltr'>adsignare</span> <span class='ocrx_word' id='word_1_150' title='bbox 1594 1719 1780 1790; x_wconf 88' lang='lat' dir='ltr'>uellet)</span> 
     </span>
     <span class='ocr_line' id='line_1_22' title="bbox 84 1794 1782 1853; baseline -0.002 -3"><span class='ocrx_word' id='word_1_151' title='bbox 84 1797 284 1853; x_wconf 78' lang='lat' dir='ltr'>iudea</span> <span class='ocrx_word' id='word_1_152' title='bbox 325 1798 537 1850; x_wconf 89' lang='lat' dir='ltr'>saeculo</span> <span class='ocrx_word' id='word_1_153' title='bbox 577 1796 681 1849; x_wconf 92' lang='lat' dir='ltr'>XV</span> <span class='ocrx_word' id='word_1_154' title='bbox 721 1813 905 1849; x_wconf 88' lang='lat' dir='ltr'>eruere</span> <span class='ocrx_word' id='word_1_155' title='bbox 946 1796 1235 1848; x_wconf 87' lang='lat' dir='ltr'>studebant</span> <span class='ocrx_word' id='word_1_156' title='bbox 1274 1795 1432 1848; x_wconf 90' lang='lat' dir='ltr'>docti.</span> <span class='ocrx_word' id='word_1_157' title='bbox 1501 1794 1624 1847; x_wconf 89' lang='lat' dir='ltr'>fons</span> <span class='ocrx_word' id='word_1_158' title='bbox 1664 1797 1782 1847; x_wconf 90' lang='lat' dir='ltr'>erat</span> 
     </span>
     <span class='ocr_line' id='line_1_23' title="bbox 85 1866 1782 1938; baseline -0.002 -15"><span class='ocrx_word' id='word_1_159' title='bbox 85 1870 337 1923; x_wconf 88' lang='lat' dir='ltr'>omnibus</span> <span class='ocrx_word' id='word_1_160' title='bbox 370 1868 602 1923; x_wconf 83' lang='lat' dir='ltr'>Senecae</span> <span class='ocrx_word' id='word_1_161' title='bbox 642 1870 875 1938; x_wconf 88' lang='lat' dir='ltr'>epistula</span> <span class='ocrx_word' id='word_1_162' title='bbox 906 1868 1147 1935; x_wconf 87' lang='lat' dir='ltr'>LXXIX,</span> <span class='ocrx_word' id='word_1_163' title='bbox 1187 1869 1246 1921; x_wconf 90' lang='lat' dir='ltr'>in</span> <span class='ocrx_word' id='word_1_164' title='bbox 1284 1886 1390 1936; x_wconf 89' lang='lat' dir='ltr'>qua</span> <span class='ocrx_word' id='word_1_165' title='bbox 1427 1866 1782 1937; x_wconf 89' lang='lat' dir='ltr'>persuadetur</span> 
     </span>
     <span class='ocr_line' id='line_1_24' title="bbox 87 1942 1783 2011; baseline -0.002 -15"><span class='ocrx_word' id='word_1_166' title='bbox 87 1943 295 1996; x_wconf 89' lang='lat' dir='ltr'>Lucilio</span> <span class='ocrx_word' id='word_1_167' title='bbox 339 1943 540 1996; x_wconf 90' lang='lat' dir='ltr'>Iuniori</span> <span class='ocrx_word' id='word_1_168' title='bbox 580 1945 636 2009; x_wconf 70' lang='grc' dir='ltr'>[ἓ</span> <span class='ocrx_word' id='word_1_169' title='bbox 677 1943 733 2009; x_wconf 85' lang='lat'>5]</span> <span class='ocrx_word' id='word_1_170' title='bbox 742 1985 757 2011; x_wconf 83' lang='lat'><em>,</em></span> <span class='ocrx_word' id='word_1_171' title='bbox 796 1946 858 1995; x_wconf 91' lang='lat' dir='ltr'>ut</span> <span class='ocrx_word' id='word_1_172' title='bbox 897 1942 1124 1995; x_wconf 78' lang='lat' dir='ltr'>Aetnam</span> <span class='ocrx_word' id='word_1_173' title='bbox 1162 1942 1412 1996; x_wconf 80' lang='lat' dir='ltr'>describat</span> <span class='ocrx_word' id='word_1_174' title='bbox 1447 1942 1506 1994; x_wconf 74' lang='lat' dir='ltr'>in</span> <span class='ocrx_word' id='word_1_175' title='bbox 1542 1958 1635 1994; x_wconf 80' lang='lat' dir='ltr'>sao</span> <span class='ocrx_word' id='word_1_176' title='bbox 1673 1957 1783 1994; x_wconf 87' lang='lat' dir='ltr'>car-</span> 
     </span>
     <span class='ocr_line' id='line_1_25' title="bbox 86 2016 1784 2083; baseline -0.002 -14"><span class='ocrx_word' id='word_1_177' title='bbox 86 2018 228 2070; x_wconf 78' lang='lat' dir='ltr'>mine</span> <span class='ocrx_word' id='word_1_178' title='bbox 265 2021 315 2068; x_wconf 87' lang='lat' dir='ltr'>et</span> <span class='ocrx_word' id='word_1_179' title='bbox 355 2016 490 2069; x_wconf 73' lang='lat' dir='ltr'>hunc</span> <span class='ocrx_word' id='word_1_180' title='bbox 526 2017 818 2070; x_wconf 74' lang='lat' dir='ltr'>sollemnem</span> <span class='ocrx_word' id='word_1_181' title='bbox 855 2017 1090 2070; x_wconf 76' lang='lat' dir='ltr'>omnibus</span> <span class='ocrx_word' id='word_1_182' title='bbox 1131 2016 1294 2083; x_wconf 77' lang='lat' dir='ltr'>poetis</span> <span class='ocrx_word' id='word_1_183' title='bbox 1340 2016 1504 2068; x_wconf 79' lang='lat' dir='ltr'>locam</span> <span class='ocrx_word' id='word_1_184' title='bbox 1548 2016 1784 2083; x_wconf 70' lang='lat' dir='ltr'>attinyat.</span> 
     </span>
     <span class='ocr_line' id='line_1_26' title="bbox 88 2089 1786 2158; baseline -0.001 -16"><span class='ocrx_word' id='word_1_185' title='bbox 88 2107 236 2157; x_wconf 78' lang='lat' dir='ltr'>quem</span> <span class='ocrx_word' id='word_1_186' title='bbox 273 2091 546 2156; x_wconf 73' lang='lat' dir='ltr'>quominus</span> <span class='ocrx_word' id='word_1_187' title='bbox 579 2089 799 2143; x_wconf 76' lang='lat' dir='ltr'>Ouidius</span> <span class='ocrx_word' id='word_1_188' title='bbox 838 2094 1092 2158; x_wconf 74' lang='lat' dir='ltr'>tractaret,</span> <span class='ocrx_word' id='word_1_189' title='bbox 1129 2089 1264 2142; x_wconf 77' lang='lat' dir='ltr'>nihil</span> <span class='ocrx_word' id='word_1_190' title='bbox 1295 2089 1487 2142; x_wconf 78' lang='lat' dir='ltr'>obstitit</span> <span class='ocrx_word' id='word_1_191' title='bbox 1513 2089 1649 2156; x_wconf 78' lang='lat' dir='ltr'>qaod</span> <span class='ocrx_word' id='word_1_192' title='bbox 1676 2090 1786 2141; x_wconf 78' lang='lat' dir='ltr'>iam</span> 
     </span>
     <span class='ocr_line' id='line_1_27' title="bbox 99 2161 1786 2231; baseline -0.001 -14"><span class='ocrx_word' id='word_1_193' title='bbox 99 2163 355 2231; x_wconf 73' lang='lat' dir='ltr'>Verqilias</span> <span class='ocrx_word' id='word_1_194' title='bbox 413 2164 710 2231; x_wconf 66' lang='lat' dir='ltr'>impleuerat.</span> <span class='ocrx_word' id='word_1_195' title='bbox 795 2180 858 2216; x_wconf 79' lang='lat' dir='ltr'>ne</span> <span class='ocrx_word' id='word_1_196' title='bbox 918 2163 1167 2218; x_wconf 75' lang='lat' dir='ltr'>Seuerum</span> <span class='ocrx_word' id='word_1_197' title='bbox 1226 2163 1430 2231; x_wconf 77' lang='lat' dir='ltr'>quidem</span> <span class='ocrx_word' id='word_1_198' title='bbox 1492 2161 1786 2216; x_wconf 74' lang='lat' dir='ltr'>Corneliam</span> 
     </span>
     <span class='ocr_line' id='line_1_28' title="bbox 91 2236 1785 2304; baseline -0.001 -14"><span class='ocrx_word' id='word_1_199' title='bbox 91 2241 298 2304; x_wconf 76' lang='lat' dir='ltr'>uterque</span> <span class='ocrx_word' id='word_1_200' title='bbox 342 2238 596 2291; x_wconf 77' lang='lat' dir='ltr'>deterruit.</span> <span class='ocrx_word' id='word_1_201' title='bbox 665 2237 901 2291; x_wconf 75' lang='lat' dir='ltr'>omnibus</span> <span class='ocrx_word' id='word_1_202' title='bbox 944 2241 1214 2304; x_wconf 76' lang='lat' dir='ltr'>praetcrea</span> <span class='ocrx_word' id='word_1_203' title='bbox 1257 2237 1474 2303; x_wconf 76' lang='lat' dir='ltr'>feliciter</span> <span class='ocrx_word' id='word_1_204' title='bbox 1518 2236 1601 2289; x_wconf 80' lang='lat' dir='ltr'>hic</span> <span class='ocrx_word' id='word_1_205' title='bbox 1648 2236 1785 2289; x_wconf 78' lang='lat' dir='ltr'>locas</span> 
     </span>
     <span class='ocr_line' id='line_1_29' title="bbox 90 2310 1790 2380; baseline -0.002 -16"><span class='ocrx_word' id='word_1_206' title='bbox 90 2327 142 2364; x_wconf 81' lang='lat' dir='ltr'>se</span> <span class='ocrx_word' id='word_1_207' title='bbox 186 2311 324 2363; x_wconf 75' lang='lat' dir='ltr'>dedit</span> <span class='ocrx_word' id='word_1_208' title='bbox 367 2328 498 2379; x_wconf 75' lang='lat' dir='ltr'>eqS.‚</span> <span class='ocrx_word' id='word_1_209' title='bbox 545 2313 599 2363; x_wconf 89' lang='lat' dir='ltr'>et</span> <span class='ocrx_word' id='word_1_210' title='bbox 645 2329 808 2380; x_wconf 87' lang='lat' dir='ltr'>porro</span> <span class='ocrx_word' id='word_1_211' title='bbox 860 2312 924 2377; x_wconf 68' lang='grc' dir='ltr'>[ξ’</span> <span class='ocrx_word' id='word_1_212' title='bbox 957 2311 1010 2377; x_wconf 83' lang='grc'>7]</span> <span class='ocrx_word' id='word_1_213' title='bbox 1053 2315 1148 2364; x_wconf 78' lang='lat' dir='ltr'>aut</span> <span class='ocrx_word' id='word_1_214' title='bbox 1183 2327 1268 2379; x_wconf 69' lang='lat' dir='ltr'>eqo</span> <span class='ocrx_word' id='word_1_215' title='bbox 1309 2314 1354 2363; x_wconf 87' lang='lat' dir='ltr'>te</span> <span class='ocrx_word' id='word_1_216' title='bbox 1390 2326 1496 2363; x_wconf 75' lang='lat' dir='ltr'>mm</span> <span class='ocrx_word' id='word_1_217' title='bbox 1532 2310 1658 2362; x_wconf 75' lang='lat' dir='ltr'>noui</span> <span class='ocrx_word' id='word_1_218' title='bbox 1695 2313 1790 2362; x_wconf 76' lang='lat' dir='ltr'>aut</span> 
     </span>
     <span class='ocr_line' id='line_1_30' title="bbox 90 2381 1785 2438; baseline 0 -2"><span class='ocrx_word' id='word_1_219' title='bbox 90 2383 265 2437; x_wconf 76' lang='lat' dir='ltr'>Aetna</span> <span class='ocrx_word' id='word_1_220' title='bbox 310 2384 537 2436; x_wconf 79' lang='lat' dir='ltr'>saliuam</span> <span class='ocrx_word' id='word_1_221' title='bbox 584 2385 676 2437; x_wconf 79' lang='lat' dir='ltr'>tibi</span> <span class='ocrx_word' id='word_1_222' title='bbox 723 2388 904 2438; x_wconf 82' lang='lat' dir='ltr'>mouet.</span> <span class='ocrx_word' id='word_1_223' title='bbox 972 2384 1114 2437; x_wconf 91' lang='lat' dir='ltr'>unde</span> <span class='ocrx_word' id='word_1_224' title='bbox 1171 2384 1236 2436; x_wconf 95' lang='lat' dir='ltr'>de</span> <span class='ocrx_word' id='word_1_225' title='bbox 1285 2382 1536 2437; x_wconf 80' lang='lat' dir='ltr'>Cornelio</span> <span class='ocrx_word' id='word_1_226' title='bbox 1586 2381 1785 2436; x_wconf 91' lang='lat' dir='ltr'>Seuero</span> 
     </span>
     <span class='ocr_line' id='line_1_31' title="bbox 92 2456 1786 2527; baseline 0 -18"><span class='ocrx_word' id='word_1_227' title='bbox 92 2457 409 2526; x_wconf 83' lang='lat' dir='ltr'>cogitabant</span> <span class='ocrx_word' id='word_1_228' title='bbox 453 2456 579 2510; x_wconf 90' lang='lat' dir='ltr'>Itali</span> <span class='ocrx_word' id='word_1_229' title='bbox 627 2475 824 2527; x_wconf 86' lang='lat' dir='ltr'>eosque</span> <span class='ocrx_word' id='word_1_230' title='bbox 862 2462 1086 2511; x_wconf 61' lang='lat' dir='ltr'>⁴secutus</span> <span class='ocrx_word' id='word_1_231' title='bbox 1135 2456 1403 2526; x_wconf 81' lang='lat' dir='ltr'>Scaliger,</span> <span class='ocrx_word' id='word_1_232' title='bbox 1460 2474 1593 2525; x_wconf 90' lang='lat' dir='ltr'>quos</span> <span class='ocrx_word' id='word_1_233' title='bbox 1641 2459 1786 2510; x_wconf 86' lang='lat' dir='ltr'>recte</span> 
     </span>
    </p>
   </div>
   <div class='ocr_carea' id='block_1_3' title="bbox 0 2529 1786 2597">
    <p class='ocr_par' dir='ltr' id='par_1_5' title="bbox 0 2529 1786 2597">
     <span class='ocr_line' id='line_1_32' title="bbox 0 2529 1786 2597; baseline -0.001 -12"><span class='ocrx_word' id='word_1_234' title='bbox 0 2564 1 2585; x_wconf 70' lang='grc'><strong>;</strong></span> <span class='ocrx_word' id='word_1_235' title='bbox 91 2530 445 2583; x_wconf 89' lang='lat' dir='ltr'>Marklandus</span> <span class='ocrx_word' id='word_1_236' title='bbox 497 2531 586 2597; x_wconf 88' lang='lat' dir='ltr'>[ad</span> <span class='ocrx_word' id='word_1_237' title='bbox 634 2529 767 2583; x_wconf 89' lang='lat' dir='ltr'>Stat.</span> <span class='ocrx_word' id='word_1_238' title='bbox 817 2532 935 2584; x_wconf 79' lang='lat' dir='ltr'>siln.</span> <span class='ocrx_word' id='word_1_239' title='bbox 973 2531 1001 2583; x_wconf 95' lang='lat' dir='ltr'>I</span> <span class='ocrx_word' id='word_1_240' title='bbox 1044 2533 1097 2596; x_wconf 86' lang='lat'>1,</span> <span class='ocrx_word' id='word_1_241' title='bbox 1138 2532 1338 2597; x_wconf 75' lang='lat' dir='ltr'>65J-et</span> <span class='ocrx_word' id='word_1_242' title='bbox 1384 2529 1786 2584; x_wconf 87' lang='lat' dir='ltr'>Wernsdorfius</span> 
     </span>
    </p>
   </div>
   <div class='ocr_carea' id='block_1_4' title="bbox 92 2603 1789 2969">
    <p class='ocr_par' dir='ltr' id='par_1_6' title="bbox 92 2603 1789 2969">
     <span class='ocr_line' id='line_1_33' title="bbox 95 2603 1786 2674; baseline 0 -18"><span class='ocrx_word' id='word_1_243' title='bbox 95 2604 284 2672; x_wconf 87' lang='lat' dir='ltr'>[praef.</span> <span class='ocrx_word' id='word_1_244' title='bbox 324 2623 373 2672; x_wconf 90' lang='lat' dir='ltr'>p.</span> <span class='ocrx_word' id='word_1_245' title='bbox 416 2605 445 2657; x_wconf 83' lang='lat'><strong>7</strong></span> <span class='ocrx_word' id='word_1_246' title='bbox 474 2606 608 2674; x_wconf 90' lang='lat' dir='ltr'>sqq.]</span> <span class='ocrx_word' id='word_1_247' title='bbox 660 2604 971 2658; x_wconf 87' lang='lat' dir='ltr'>reiecerunt.</span> <span class='ocrx_word' id='word_1_248' title='bbox 1033 2605 1121 2658; x_wconf 92' lang='lat' dir='ltr'>hic</span> <span class='ocrx_word' id='word_1_249' title='bbox 1169 2607 1348 2656; x_wconf 90' lang='lat' dir='ltr'>autem</span> <span class='ocrx_word' id='word_1_250' title='bbox 1387 2603 1786 2657; x_wconf 88' lang='lat' dir='ltr'>Wernsdorfius</span> 
     </span>
     <span class='ocr_line' id='line_1_34' title="bbox 92 2675 1789 2748; baseline 0 -18"><span class='ocrx_word' id='word_1_251' title='bbox 92 2678 257 2748; x_wconf 86' lang='lat' dir='ltr'>longa</span> <span class='ocrx_word' id='word_1_252' title='bbox 307 2677 600 2747; x_wconf 88' lang='lat' dir='ltr'>subtilique</span> <span class='ocrx_word' id='word_1_253' title='bbox 649 2677 1013 2747; x_wconf 86' lang='lat' dir='ltr'>disputatione</span> <span class='ocrx_word' id='word_1_254' title='bbox 1060 2678 1237 2747; x_wconf 91' lang='lat' dir='ltr'>ipsum</span> <span class='ocrx_word' id='word_1_255' title='bbox 1277 2675 1508 2731; x_wconf 85' lang='lat' dir='ltr'>Senecae</span> <span class='ocrx_word' id='word_1_256' title='bbox 1557 2678 1789 2731; x_wconf 89' lang='lat' dir='ltr'>amicum</span> 
     </span>
     <span class='ocr_line' id='line_1_35' title="bbox 92 2750 1788 2820; baseline 0.001 -17"><span class='ocrx_word' id='word_1_257' title='bbox 92 2750 361 2804; x_wconf 87' lang='lat' dir='ltr'>Lucilium</span> <span class='ocrx_word' id='word_1_258' title='bbox 393 2751 664 2804; x_wconf 88' lang='lat' dir='ltr'>Iuniorem</span> <span class='ocrx_word' id='word_1_259' title='bbox 705 2770 923 2805; x_wconf 90' lang='lat' dir='ltr'>carmen</span> <span class='ocrx_word' id='word_1_260' title='bbox 961 2755 1210 2805; x_wconf 91' lang='lat' dir='ltr'>nostrum</span> <span class='ocrx_word' id='word_1_261' title='bbox 1242 2752 1608 2820; x_wconf 87' lang='lat' dir='ltr'>composuisse</span> <span class='ocrx_word' id='word_1_262' title='bbox 1649 2770 1788 2804; x_wconf 92' lang='lat' dir='ltr'>com-</span> 
     </span>
     <span class='ocr_line' id='line_1_36' title="bbox 94 2825 1788 2894; baseline 0.001 -17"><span class='ocrx_word' id='word_1_263' title='bbox 94 2825 378 2894; x_wconf 88' lang='lat' dir='ltr'>probabat.</span> <span class='ocrx_word' id='word_1_264' title='bbox 428 2825 521 2878; x_wconf 87' lang='lat' dir='ltr'>sed</span> <span class='ocrx_word' id='word_1_265' title='bbox 553 2829 614 2878; x_wconf 89' lang='lat' dir='ltr'>ut</span> <span class='ocrx_word' id='word_1_266' title='bbox 646 2826 936 2878; x_wconf 90' lang='lat' dir='ltr'>concedam</span> <span class='ocrx_word' id='word_1_267' title='bbox 969 2826 1349 2894; x_wconf 87' lang='lat' dir='ltr'>quaerentibus</span> <span class='ocrx_word' id='word_1_268' title='bbox 1374 2826 1598 2894; x_wconf 90' lang='lat' dir='ltr'>reperiri</span> <span class='ocrx_word' id='word_1_269' title='bbox 1630 2843 1788 2893; x_wconf 88' lang='lat' dir='ltr'>posse</span> 
     </span>
     <span class='ocr_line' id='line_1_37' title="bbox 94 2898 1786 2969; baseline 0 -19"><span class='ocrx_word' id='word_1_270' title='bbox 94 2902 372 2952; x_wconf 82' lang='lat' dir='ltr'>externam</span> <span class='ocrx_word' id='word_1_271' title='bbox 407 2899 646 2969; x_wconf 89' lang='lat' dir='ltr'>aliquam</span> <span class='ocrx_word' id='word_1_272' title='bbox 678 2899 821 2952; x_wconf 87' lang='lat' dir='ltr'>inter</span> <span class='ocrx_word' id='word_1_273' title='bbox 844 2899 1109 2952; x_wconf 91' lang='lat' dir='ltr'>Lucilium</span> <span class='ocrx_word' id='word_1_274' title='bbox 1140 2899 1295 2952; x_wconf 92' lang='lat' dir='ltr'>illum</span> <span class='ocrx_word' id='word_1_275' title='bbox 1322 2898 1634 2967; x_wconf 88' lang='lat' dir='ltr'>Aetnaeque</span> <span class='ocrx_word' id='word_1_276' title='bbox 1660 2899 1786 2952; x_wconf 88' lang='lat' dir='ltr'>scri-</span> 
     </span>
    </p>
   </div>
  </div>
 </body>
</html>
