1992 3238
802 209 836 254 Ι.
878 208 1091 255 cVLEx.
1715 209 1788 262 49

101 345 294 400 Serum
332 344 454 397 sede
492 343 585 414 pia
623 342 838 396 maneat
874 343 1046 412 loeus,
1087 347 1141 397 et
1177 345 1279 398 tibi
1318 362 1502 414 sospes

106 419 309 472 Debita
347 417 519 471 felicis
558 419 857 470 remoretur
893 417 1010 469 uita
1047 435 1143 485 per
1181 435 1350 471 annos
1736 430 1794 471 4ο

104 493 264 561 Fata,
302 491 460 544 bonis
498 491 696 544 lucens.
757 489 849 542 sed
886 507 987 543 nos
1027 490 1095 542 ad
1134 493 1324 558 coepta
1362 491 1612 545 feramur.

178 566 375 635 Igneus
416 564 694 617 aethereas
733 563 844 616 iam
883 563 965 616 sol
1001 566 1309 632 penetrarat
1346 565 1404 617 in
1443 583 1588 618 arces

104 638 451 709 Candidaque
491 639 678 690 aurato
719 637 999 706 quatiebat
1037 637 1245 690 lumina
1284 655 1461 704 curru,

105 712 356 767 Crinibus
374 716 379 721 “
396 714 450 764 et
487 710 655 764 roseis
694 710 948 763 tenebras
987 709 1199 763 Aurora
1238 710 1479 780 fugarat:

106 786 356 855 Propulit
394 802 422 836 e
463 784 690 837 stabulis
731 784 799 836 ad
837 784 1036 853 pabula
1071 786 1203 836 nota
1243 784 1477 853 capellas
1706 807 1710 811 ·
1738 797 1796 837 45

107 860 302 912 Pastor
341 860 396 911 et
434 858 629 911 excelsi
668 858 870 911 montis
908 858 1037 928 iuga
1076 875 1287 910 summa
1323 857 1538 924 petiuit,

108 932 332 986 Florida
370 950 476 1002 qua
513 931 731 1000 patulos
769 931 1027 984 uelabant
1065 930 1313 1000 gramina
1351 931 1528 984 eolles

106 1005 223 1059 Iam
264 1005 416 1059 siluis
456 1005 736 1074 dumisque
775 1005 980 1073 iacent,
1017 1004 1127 1057 iam
1166 1004 1398 1057 uallibus
1439 1004 1644 1058 abdunt

107 1078 370 1149 Corpora,
407 1079 621 1147 iamque
662 1078 811 1131 omni
849 1078 1046 1131 celeres
1086 1096 1114 1130 e
1153 1081 1306 1147 parte
1345 1081 1610 1147 uagantes
1740 1091 1795 1129 49

108 1151 343 1222 Serupea
382 1152 623 1205 desertae
662 1155 956 1221 perrepunt
993 1152 1061 1204 ad
1100 1170 1234 1205 caua
1270 1152 1444 1220 rupis:
1743 1165 1799 1203 51

109 1226 431 1280 Tondebant
468 1228 655 1278 tenero
695 1225 988 1278 uiridantia
1026 1226 1273 1294 gramina
1311 1244 1517 1294 morsu,
1744 1237 1799 1277 50

38 1357 41 1358 Β
107 1299 350 1354 Pendula
390 1299 642 1369 proiectis
684 1302 976 1367 carpuntur
1014 1302 1069 1351 et
1107 1299 1300 1352 arbuta
1338 1299 1503 1352 ramis
1744 1310 1800 1350 52

109 1372 395 1442 Densaque
434 1373 685 1442 uirgultis
726 1372 882 1425 auide
920 1373 1171 1426 labrusca
1207 1376 1482 1442 petuntur.

229 1493 285 1533 53
324 1487 540 1533 Nonius
581 1503 626 1544 p.
659 1492 769 1543 211,
802 1493 880 1532 24:
919 1487 1157 1532 Labrusca
1196 1489 1374 1532 neutro.
1431 1486 1714 1544 Virgilius
1752 1487 1803 1531 in

110 1546 288 1593 Culice:
324 1547 589 1603 ‘Densaque
623 1572 677 1579 —
709 1547 976 1604 petuntur’.

229 1654 285 1694 39
320 1648 482 1693 Serum
513 1664 548 1695 s.
582 1665 626 1707 p.
660 1651 852 1695 maneat
880 1649 1010 1694 locus
1040 1649 1228 1705 scripsi:
1261 1647 1322 1693 Et
1352 1648 1442 1692 tibi
1473 1664 1506 1694 s.
1539 1664 1584 1706 p.
1616 1650 1805 1693 maneat

110 1709 240 1754 locus
267 1712 297 1751 0
330 1709 547 1765 absurde,
581 1722 682 1753 cum
712 1710 783 1754 nil
811 1709 943 1754 nobis
965 1712 1147 1753 maneat
1177 1708 1272 1752 nisi
1303 1708 1423 1764 quod
1453 1708 1547 1752 iam
1576 1708 1805 1763 habemus,

109 1773 162 1814 ut
190 1769 344 1813 saltim
374 1770 422 1812 te
445 1793 506 1801 —
528 1769 718 1812 maneat
747 1771 963 1825 expectes3
999 1781 1276 1825 quamquam
1305 1768 1378 1811 uel
1409 1769 1476 1811 sic
1497 1768 1622 1812 notio
1653 1767 1805 1824 qualis

109 1831 175 1872 est
204 1828 313 1884 post
342 1826 543 1871 multum
578 1829 764 1883 tempus
802 1828 938 1881 deest3
979 1827 1305 1882 interpolatum
1344 1830 1412 1880 est
1445 1825 1506 1870 Et
1535 1826 1645 1880 tibi,
1669 1847 1676 1859 ·
1682 1831 1805 1883 post-

110 1900 247 1943 quam
279 1885 442 1930 Serum
473 1890 579 1930 ante
610 1887 718 1930 sede
742 1887 889 1942 periit
929 1887 936 1943 1
975 1899 1082 1942 sosp
1113 1889 1152 1927 V
1195 1887 1212 1941 11
1256 1889 1314 1930 40
1345 1884 1503 1929 felices
1536 1889 1578 1927 H
1613 1887 1620 1940 1
1656 1898 1806 1930 remo-

111 1946 240 1989 retur
281 1943 467 2001 scripsi:
513 1946 796 1989 memoretur
834 1949 866 1988 0
915 1945 1161 2002 (memoret
1198 1948 1227 1986 c
1274 1945 1559 1988 memoratur
1589 1947 1632 1986 Η
1668 1958 1725 1988 m.
1759 1945 1803 1999 1)

112 2005 381 2048 numeretur
413 2003 678 2048 Gronouius
721 2005 737 2061 11
783 2009 837 2047 41
871 2004 989 2048 Fata
1019 2004 1206 2059 scripsi:
1239 2001 1385 2047 Grata
1416 2006 1469 2054 0:
1503 2003 1560 2057 cf.
1597 2002 1739 2059 Prop.
1771 2004 1807 2058 I,

115 2068 184 2117 19,
217 2067 243 2105 2
279 2066 285 2118 1
321 2076 356 2116 s;
391 2083 446 2099 =
479 2063 551 2106 set
581 2066 618 2104 V
651 2063 749 2119 (sic)
784 2063 792 2119 1
824 2066 884 2107 no
916 2067 958 2105 Η
988 2077 1045 2107 m.
1078 2066 1104 2106 1
1137 2063 1153 2118 11
1185 2066 1240 2105 42
1273 2062 1462 2119 Igneus]
1497 2061 1700 2106 Lenibus
1732 2066 1770 2104 V
1798 2062 1804 2120 1

114 2121 326 2166 ethereas
359 2124 467 2164 HV:
509 2121 741 2166 aetherias
771 2125 845 2164 Bc
888 2122 895 2180 1
936 2122 1155 2179 penetrat
1186 2122 1256 2175 (ra
1286 2135 1342 2164 m.
1375 2134 1459 2166 rec.
1492 2123 1741 2178 suprascr.)
1773 2125 1808 2164 B

111 2180 392 2237 penetrabat
420 2184 463 2222 11
497 2182 504 2235 1
541 2182 664 2224 artes
695 2184 733 2222 V
772 2181 788 2237 11
828 2185 885 2224 44
915 2180 1142 2225 Cornibus
1172 2183 1215 2222 Η
1252 2180 1268 2236 11
1306 2183 1361 2224 45
1395 2180 1444 2223 et
1476 2179 1698 2224 estabulis
1729 2183 1772 2222 11
1801 2180 1805 2238 1

114 2240 228 2283 nota
265 2243 314 2280 c:
361 2239 463 2298 leta
500 2243 534 2281 Β
580 2239 679 2284 leta
717 2243 806 2282 HV
849 2240 865 2296 11
910 2244 967 2284 46
1009 2253 1191 2283 summa
1229 2238 1343 2296 iuga
1379 2241 1419 2280 V
1463 2240 1479 2295 11
1525 2243 1581 2283 47
1621 2239 1812 2283 Florida

117 2297 382 2342 Iacobsius:
415 2297 589 2342 Lurida
620 2302 650 2341 0
683 2296 861 2343 Luoida
891 2304 933 2344 et
962 2298 1167 2342 Humida
1191 2298 1223 2341 ς
1254 2297 1408 2342 Uuida
1439 2298 1664 2342 Heinsius
1694 2297 1808 2342 Her-

115 2355 227 2400 bida
268 2354 548 2400 Schraderus
585 2357 760 2402 Rorida
799 2357 1042 2414 Hauptius
1091 2360 1098 2415 1
1147 2357 1178 2414 {⁴1
1205 2358 1274 2401 ita
1305 2360 1343 2398 V
1396 2359 1403 2412 1
1451 2356 1695 2412 uellabant
1732 2357 1806 2415 111

117 2414 280 2472 eolles]
315 2414 450 2459 flores
480 2417 519 2456 V
556 2415 573 2471 11
611 2419 666 2459 48
697 2415 852 2460 iacent
885 2418 974 2474 (uel
1004 2416 1173 2472 latent)
1204 2416 1390 2472 scripsi:
1424 2417 1559 2472 raget
1588 2419 1627 2457 V
1657 2428 1811 2473 uagae

115 2477 238 2516 Bon
281 2474 420 2530 (quod
458 2478 648 2530 propter
683 2488 867 2532 sequens
905 2477 1106 2533 uagatur
1145 2475 1436 2519 correctionis
1473 2478 1621 2519 mouet
1658 2475 1808 2530 suspi-

116 2533 299 2588 tionem)
344 2534 517 2576 uacant
566 2532 865 2589 Wakefieldus
915 2538 920 2588 1
970 2534 1150 2579 addunt
1179 2537 1217 2575 V
1261 2534 1277 2588 11
1323 2538 1379 2576 49
1414 2532 1456 2589 e]
1500 2535 1547 2578 et
1576 2536 1619 2575 11
1656 2546 1703 2578 se
1735 2536 1773 2575 v
1796 2534 1816 2592 11

107 2595 175 2634 =50
214 2595 255 2635 et
293 2595 347 2635 51
387 2592 507 2635 inter
545 2605 590 2636 se
626 2594 911 2649 transposuit
948 2593 1145 2637 Bembus
1190 2593 1205 2649 11
1252 2596 1306 2636 51
1341 2592 1554 2636 desertae
1584 2592 1811 2638 Bembus:

117 2650 325 2695 desertas
370 2654 444 2692 ΒΟ
498 2650 693 2695 desertis
739 2654 827 2694 BV
876 2652 883 2711 1
931 2653 1186 2708 perrepunt
1230 2651 1451 2697 Bembus:
1507 2652 1728 2696 errabant
1773 2655 1813 2693 v

116 2709 412 2766 h(a)erebant
434 2713 577 2761 30113
610 2723 722 2754 num
742 2712 1015 2768 perreptant
1038 2710 1063 2754 ,9
1089 2711 1344 2767 subrepunt
1367 2710 1643 2756 Ribbeckius
1670 2711 1676 2767 1
1704 2709 1813 2769 auia

117 2768 342 2812 Heinsius
373 2769 518 2813 ardua
550 2768 832 2814 Schraderus
872 2772 879 2825 1
921 2770 1050 2826 rupis
1082 2772 1119 2811 V
1152 2770 1275 2826 (sic):
1314 2768 1429 2826 ripis
1459 2774 1501 2814 Η
1530 2784 1667 2826 rupes
1699 2773 1773 2812 Bc
1796 2769 1812 2827 11

120 2831 176 2871 50
202 2827 480 2872 Tondebant
505 2831 535 2870 0
569 2827 729 2884 (Tend.
756 2831 827 2885 c):
859 2829 1131 2873 Tondentur
1153 2829 1374 2882 Bembus;
1406 2831 1456 2873 at
1479 2829 1535 2884 cf.
1565 2830 1620 2873 de
1649 2830 1814 2885 imper·

116 2886 230 2939 fecto
261 2901 306 2931 u.
336 2891 440 2941 1743
484 2886 648 2943 Verqil.
674 2887 788 2933 Aen.
815 2887 880 2931 IV
906 2890 1012 2942 149,
1044 2885 1108 2931 VI
1131 2891 1179 2942 43
1213 2887 1365 2932 Aetna
1396 2893 1473 2942 623
1521 2888 1564 2932 V
1562 2889 1622 2933 al.
1647 2887 1814 2934 Flacc.

120 2945 163 2988 ΙΙ
198 2950 303 3002 110,
335 2946 374 2990 V
410 2951 496 2990 439
530 2947 712 3003 aliaque
749 2948 764 3003 11
805 2950 859 2991 53
892 2946 1029 3007 auide
1059 2950 1093 2989 B
1136 2947 1142 3003 1
1183 2947 1336 3004 petita
1367 2949 1440 2991 est
1468 2950 1511 2990 Η

209 3020 327 3054 Pom.
352 3029 444 3054 uxr.
469 3030 554 3054 nm.
587 3022 640 3053 ΙΙ.
1515 3025 1545 3066 4
