1992 3238
806 170 861 214 V.
903 169 1070 218 CIRIS.
1675 171 1779 224 139

98 305 215 367 Qua
253 321 426 355 nouus
466 301 534 354 ad
574 319 826 370 superum
866 302 1017 355 sedes
1055 304 1351 358 haliaeetos
1391 309 1446 358 et
1485 324 1590 375 qua

97 376 336 431 Candida
375 393 657 428 concessos
698 376 949 428 ascendet
987 377 1110 428 ciris
1149 377 1396 431 honores,
1658 382 1779 432 ’205

168 450 389 519 Iamque
429 449 557 502 adeo
597 449 740 501 dulci
780 448 1058 502 deuinctus
1097 450 1300 503 lumina
1339 470 1528 504 somno

16 586 19 587 γ
95 523 261 576 Nisus
301 525 442 592 erat,
480 522 812 592 uigilumque
850 523 1037 591 procul
1078 523 1318 575 custodia
1355 525 1558 593 primas

93 597 364 650 Excubias
404 596 609 650 foribus
650 595 828 648 studio
868 596 1108 648 iactabat
1145 596 1317 647 inani:

95 670 230 724 Cum
267 670 456 723 furtim
496 669 661 722 tacito
702 669 1026 722 descendens
1067 667 1245 738 Scylla
1286 670 1448 722 cubili

92 744 331 796 Auribus
372 743 592 797 arrectis
632 745 898 796 nocturna
938 743 1153 796 silentia
1191 746 1425 811 temptat
1692 758 1779 797 210

92 816 168 870 Et
205 816 406 886 pressis
444 819 664 868 tenuem
704 817 1031 885 singultibus
1073 835 1198 869 aera
1236 818 1432 885 captat.

94 890 233 943 Tum
274 907 534 960 suspensa
573 890 761 943 leuans
804 890 991 959 digitis
1031 890 1265 960 uestigia
1302 890 1490 958 primis

91 964 384 1033 Egreditur
421 963 670 1032 ferroque
708 982 899 1016 manus
941 967 1149 1017 armata
1187 963 1412 1031 bipenni

90 1039 318 1106 Auolat3
359 1041 416 1090 at
454 1037 700 1106 demptae
742 1037 923 1090 subita
960 1039 1018 1091 in
1054 1037 1341 1090 formidine
1380 1038 1543 1090 uires:

96 1110 385 1165 Caeruleas
425 1129 522 1163 sua
559 1111 706 1163 furta
743 1112 894 1179 prius
932 1113 1168 1164 testatur
1207 1110 1274 1164 ad
1311 1111 1545 1164 umbras·
1693 1124 1779 1165 215

91 1185 235 1239 Nam
274 1203 380 1253 qua
419 1203 474 1237 se
516 1184 583 1236 ad
622 1185 857 1253 patrium
894 1185 1150 1237 tendebat
1189 1184 1384 1237 semita
1422 1185 1610 1254 limen,

39 1260 41 1262 ’
90 1258 378 1312 Vestibulo
417 1258 476 1311 in
511 1257 742 1311 thalami
779 1259 1001 1327 paulum
1038 1261 1340 1312 remoratur
1378 1261 1432 1310 et
1470 1259 1572 1311 alti

94 1331 331 1401 Suspicit
369 1332 435 1384 ad
475 1331 610 1384 caeli
647 1331 911 1384 nictantia
951 1332 1147 1401 sidera,
1187 1332 1358 1384 multa

91 1406 216 1460 Non
256 1408 477 1474 accepta
514 1405 619 1473 piis
657 1406 981 1473 promittens
1020 1424 1242 1458 munera
1282 1405 1437 1459 diuis.

59 1496 62 1498 ’
167 1479 338 1541 Quam
380 1479 540 1532 simul
580 1477 779 1549 Ogygii
815 1479 1103 1532 Phoenicis
1142 1479 1258 1531 filia
1296 1477 1486 1532 Carme
1694 1493 1781 1533 220

90 1553 321 1622 Pergere
362 1552 533 1606 sensit
571 1571 705 1605 anus
747 1550 1009 1622 (sonitum
1047 1571 1174 1604 nam
1212 1553 1416 1605 fecerat
1453 1552 1536 1604 illi

0 1762 1 1772 ¹
211 1745 299 1786 204
339 1742 489 1794 Quom
527 1740 651 1785 uisat
693 1756 727 1786 s.
768 1757 802 1786 s·
846 1742 890 1787 h.
932 1756 970 1786 e.
1011 1755 1154 1798 quom
1192 1755 1269 1798 eqo
1309 1741 1416 1785 olim
1465 1741 1473 1797 l
1520 1740 1780 1785 haliaeetus

0 1790 1 1816 Ι
89 1801 280 1845 Loensis
312 1801 424 1855 (-tos
462 1800 743 1857 Hauptius):
785 1800 1018 1845 calcheius
1051 1805 1081 1842 0
1124 1802 1278 1857 (etiam
1308 1801 1368 1856 H)
1418 1799 1424 1857 Ι
1475 1801 1523 1844 et
1559 1813 1654 1855 qua
1691 1804 1778 1842 La:

92 1863 141 1905 et
183 1873 212 1903 a
251 1873 344 1914 qua
374 1862 412 1900 A
459 1860 507 1909 et
545 1873 669 1915 aqua
706 1864 745 1901 B.
792 1865 841 1903 et
880 1862 941 1915 aq
978 1863 1021 1902 11
1065 1862 1081 1916 ΙΙ
1126 1864 1213 1903 205
1261 1859 1479 1903 ascendet
1520 1859 1780 1915 Hauptius:

90 1918 313 1963 ascendat
359 1921 389 1960 0
439 1918 715 1974 (ascendunt
759 1921 802 1960 11
846 1932 904 1962 m.
943 1920 989 1974 1)
1036 1918 1246 1962 ascendit
1291 1917 1556 1962 Schwabius
1605 1920 1611 1973 Ι
1662 1916 1781 1973 cyris

90 1981 224 2020 AER.
253 1978 270 2032 ΙΙ
300 1981 386 2021 206
420 1976 630 2021 deuictus
661 1981 741 2019 LR
770 1979 786 2033 ΙΙ
817 1981 903 2022 207
936 1978 1099 2021 Nissus
1129 1980 1171 2019 Η
1199 1977 1205 2035 Ι
1233 1975 1395 2034 primis
1427 1977 1463 2031 (i
1494 1977 1573 2020 alt.
1605 1977 1658 2020 in
1687 1989 1779 2020 ras.

88 2051 146 2081 m.
180 2038 224 2091 1)
256 2040 288 2078 L
326 2036 343 2091 ΙΙ
381 2040 466 2080 208
499 2035 723 2080 ductabat
753 2036 978 2080 Heinsius
1015 2037 1030 2091 ΙΙ
1069 2041 1154 2080 209
1187 2037 1311 2080 tacio
1341 2042 1380 2080 B.
1417 2037 1433 2092 ΙΙ
1470 2039 1558 2079 210
1590 2034 1780 2079 arrectis

89 2125 250 2181 uulyo:
283 2105 450 2168 erectis
482 2126 520 2166 A
559 2124 820 2181 arreptis
788 2123 1020 2168 Lerectis
1050 2129 1090 2167 R
1125 2125 1310 2180 ereptus
1344 2125 1392 2181 (p
1424 2137 1479 2167 ex
1511 2137 1536 2166 e
1567 2135 1698 2177 corr„
1728 2126 1781 2166 ut

89 2185 211 2238 uid„
240 2186 417 2238 puncta
446 2197 503 2226 m.
522 2185 573 2239 2)
597 2186 639 2225 Η
666 2185 674 2240 Ι
699 2184 856 2227 tentat
870 2188 951 2226 LB.
973 2184 989 2239 ΙΙ
1013 2188 1097 2226 211
1130 2182 1193 2226 Et
1222 2183 1470 2239 primumL
1493 2183 1509 2239 ΙΙ
1532 2186 1617 2225 212
1650 2181 1780 2226 leuas

88 2248 128 2286 B
150 2244 166 2299 ΙΙ
190 2246 275 2286 213
300 2240 492 2297 bipenni
522 2243 709 2298 scripsi.
741 2242 923 2287 bidenti
945 2246 1023 2284 AL
1054 2241 1233 2286 uidenti
1257 2246 1347 2285 HR
1371 2244 1428 2298 (et
1451 2242 1521 2285 ita
1544 2244 1583 2283 A
1607 2242 1742 2297 corr.)
1726 2239 1780 2298 Ι)Ι

90 2306 178 2346 214
194 2300 369 2344 Auolat
384 2301 568 2357 scripsi·
585 2301 758 2345 Euolat
774 2305 805 2344 0
823 2315 845 2346 e
860 2317 903 2346 u.
916 2303 1075 2358 priore
1091 2302 1189 2358 (ubi
1205 2299 1785 2358 ProgrediturSchwabius

89 2361 221 2416 male)
251 2363 314 2416 {a
286 2360 335 2403 at
357 2363 444 2402 La:
472 2361 555 2403 aut
577 2363 712 2403 AER.
734 2362 750 2417 ΙΙ
773 2365 858 2404 215
883 2362 1116 2405 testantur
1131 2364 1174 2402 11
1196 2361 1212 2416 ΙΙ
1236 2365 1322 2404 216
1345 2360 1504 2403 lumen
1519 2361 1557 2400 A
1582 2359 1714 2415 (corr.
1734 2358 1779 2412 a)

90 2423 132 2462 Η
161 2434 219 2464 m.
251 2423 276 2462 1
311 2419 327 2474 ΙΙ
355 2423 443 2462 217
475 2419 640 2462 'calami
670 2424 710 2461 R
758 2419 765 2477 Ι
813 2422 1073 2463 remoratus
1104 2423 1146 2461 Η
1180 2434 1236 2465 m.
1268 2423 1294 2462 1
1332 2422 1370 2460 A
1401 2432 1459 2461 m.
1490 2422 1516 2461 1
1549 2421 1589 2459 B.
1637 2421 1644 2471 Ι
1693 2416 1781 2460 alti

90 2482 242 2521 AER:
277 2478 427 2522 altum
450 2482 483 2519 L
514 2478 609 2522 alte
633 2478 958 2535 Hertzberyius
980 2478 996 2534 ΙΙ
1020 2483 1105 2523 218
1131 2476 1337 2534 Suscipit
1359 2480 1397 2519 A
1424 2476 1430 2534 Ι
1458 2476 1519 2520 ad
1543 2475 1702 2532 c(a)eli
1726 2480 1778 2518 0:

91 2537 152 2581 ad
209 2536 323 2580 celsi
375 2536 581 2593 Scaliyer
634 2536 695 2581 ad
747 2535 904 2580 Lunae
960 2537 1173 2603 Silliyius
1230 2535 1428 2580 aetherii
1480 2535 1743 2580 Ladeuicus
1770 2534 1776 2594 Ι

89 2595 318 2640 nictantia
357 2595 580 2652 Scaliyer·
635 2595 858 2640 nutancia
896 2599 934 2637 A
985 2595 1205 2640 nutantia
1242 2598 1325 2637 LII
1362 2609 1419 2639 m.
1460 2598 1492 2640 2
1546 2593 1781 2638 mutantia

89 2659 178 2697 ΗΒ.
220 2657 227 2710 Ι
271 2654 438 2722 sydera
467 2658 594 2697 ALR
627 2657 634 2711 Ι
668 2655 818 2698 multa
848 2655 1034 2722 scripsi:
1067 2653 1230 2698 mundi
1261 2657 1292 2696 0
1332 2655 1346 2711 ΙΙ
1385 2657 1471 2697 219
1504 2654 1675 2710 acepta
1703 2653 1770 2710 ΒΙ

90 2719 178 2758 220
217 2712 366 2771 ogigii
405 2717 435 2755 0
487 2715 493 2768 Ι
541 2713 719 2757 uenicis
761 2714 811 2769 (u
849 2714 901 2757 in
937 2713 962 2756 f
996 2727 1108 2758 corr.
1149 2727 1205 2759 m.
1246 2713 1298 2769 2)
1336 2716 1378 2755 Η
1426 2712 1434 2770 Ι
1484 2713 1670 2757 charme
1709 2711 1768 2770 Ι.Ι

91 2777 175 2816 221
207 2773 408 2830 Pergere
437 2773 622 2828 scripsi:
666 2772 863 2829 Surgere
897 2775 928 2814 0
962 2773 1058 2829 (sed
1086 2785 1179 2817 non
1209 2772 1437 2829 sui-yemis
1474 2785 1496 2815 e
1535 2772 1664 2825 lec-to,
1703 2773 1780 2817 sed

90 2833 356 2888 eyredie‘ntis
386 2845 408 2876 e
438 2832 644 2876 cubiculo
668 2831 848 2889 Scyllae
876 2833 1032 2876 sonitu
1062 2832 1376 2888 experyefacta
1406 2834 1470 2875 est
1501 2844 1634 2886 anus,
1664 2843 1781 2888 quae

91 2891 219 2935 illam
250 2891 538 2948 aliquamdiu
568 2895 839 2935 remora-tam
868 2891 963 2935 iam
991 2903 1172 2948 perycre
1201 2890 1316 2945 foris
1347 2890 1497 2946 audit)
