1992 3238
780 178 858 222 IV.
898 179 1120 223 AETNA.
1722 179 1790 232 97

111 314 392 381 Antraque
432 312 677 364 demersa
717 314 770 364 et
806 312 1022 381 penitus
1063 314 1264 366 sedisse
1303 315 1560 367 latebras:

110 388 457 455 Incomperta
493 386 586 438 uia
625 388 728 454 est,
768 402 860 437 aer
898 387 1113 437 tantum
1154 387 1342 456 effugit
1378 388 1539 440 ultra.

110 461 448 530 Argumenta
488 459 686 512 adsunt
722 458 899 526 ignoti
938 476 1067 510 uera
1105 460 1381 528 profundi,

110 535 192 587 Τ11
231 533 389 586 modo
431 533 658 585 subtiles
699 531 880 584 animo
920 532 1052 584 duce
1090 533 1306 600 percipe
1345 551 1498 586 curas

111 607 424 675 Occultique
461 606 623 658 fidem
662 605 964 658 manifestis
1005 604 1258 657 abstrahe
1296 606 1471 658 rebus.
1713 620 1795 661 145

110 680 252 733 Nam
293 698 399 748 quo
438 679 659 731 liberior
697 696 906 747 quoque
947 681 1030 730 est
1068 678 1363 731 animosior
1403 683 1554 731 actus

113 753 336 822 Semper
374 753 430 804 in
467 752 674 805 incluso
713 752 1026 804 uentis‘nec
1067 752 1281 821 segnior
1319 752 1402 804 ira
1441 755 1524 804 est

111 826 220 880 Sub
261 830 409 879 terra
447 826 770 894 penitusque
802 828 1047 890 mouent,
1086 825 1188 878 hoc
1227 825 1385 894 pigra
1422 843 1637 878 necesse
1678 830 1760 878 est

110 900 305 953 Vincla
343 900 520 969 magis
554 899 795 967 soluant‚
834 899 1010 968 magis
1050 899 1152 951 hoc
1185 899 1463 951 obstantia
1500 899 1724 967 pellant.

109 974 224 1028 Nec
262 976 446 1025 tamen
484 973 542 1024 in
578 973 724 1025 riuos
765 972 875 1024 exit
913 974 1169 1024 contenta
1207 972 1387 1025 canali
1714 986 1797 1025 150

111 1047 212 1100 Vis
253 1046 463 1099 animae
502 1046 748 1098 flabriue:
788 1045 900 1097 ruit
939 1064 1045 1114 qua
1083 1046 1331 1114 proxima
1369 1045 1565 1098 cedunt

112 1120 465 1188 Oblicumque
506 1121 654 1172 secat
691 1137 798 1187 qua
837 1122 1021 1172 crusta
1056 1120 1350 1172 tenerrima
1390 1119 1673 1172 clausaest.

110 1194 253 1246 Hinc
289 1198 468 1246 terrae
506 1195 732 1261 tremor,
770 1192 897 1245 hinc
935 1196 1136 1261 motus,
1175 1193 1269 1245 ubi
1308 1193 1505 1245 densus
1545 1192 1758 1245 hiantes

112 1266 345 1336 Spiritus
386 1267 629 1335 exagitat
666 1284 834 1318 uenas
874 1267 1247 1335 cessantiaque
1286 1270 1459 1335 urget.

232 1430 314 1469 141
349 1426 561 1469 demersa
584 1426 631 1468 et
654 1425 837 1480 scripsi:
871 1425 1103 1469 demersas
1129 1429 1164 1467 G
1195 1425 1395 1470 demissa
1426 1429 1546 1468 0811
1578 1426 1798 1471 demersis

120 1485 185 1529 W
181 1485 457 1539 ernsdorfius
484 1485 491 1542 Ι
518 1483 703 1540 penitus
728 1488 783 1527 G:
815 1483 1010 1540 pedibus
1035 1485 1167 1528 ceteri
1193 1484 1199 1542 Ι
1227 1484 1399 1529 sedisse
1424 1488 1466 1526 11
1489 1499 1545 1528 m.
1571 1489 1596 1528 1
1631 1489 1798 1540 (errore

110 1545 209 1588 sine
238 1544 416 1599 dubim:
448 1542 622 1586 fodisse
645 1546 755 1584 Gcs
773 1544 832 1597 (11
847 1557 904 1587 m.
923 1544 973 1598 2)
1004 1542 1180 1586 fudisse
1206 1555 1232 1589 ς
1261 1544 1266 1598 Ι
1294 1543 1498 1587 latebras
1517 1547 1572 1586 G:
1606 1544 1799 1588 latebris

111 1603 245 1647 ceteri
275 1602 511 1646 scatebras
543 1601 825 1645 Schradcrus
861 1602 877 1658 ΙΙ
917 1605 1001 1644 142
1035 1615 1115 1645 aer
1146 1602 1366 1646 Iacobus:
1407 1602 1504 1646 aeri
1536 1606 1571 1644 G
1610 1617 1799 1659 operum

112 1666 178 1703 cs
210 1675 314 1718 opm
337 1664 379 1702 Η
406 1662 412 1716 Ι
438 1662 597 1704 tamen
620 1663 663 1701 Η
692 1674 749 1703 m.
775 1664 807 1705 2
837 1662 842 1714 Ι
870 1660 1036 1717 effugit
1064 1660 1190 1704 ultra
1213 1664 1268 1702 G:
1304 1660 1454 1704 effluit
1483 1659 1606 1705 intra
1630 1663 1764 1706 ceteri
1785 1661 1800 1720 Η

113 1725 197 1764 143
237 1720 408 1764 adsunt
449 1719 634 1774 scripsi:
689 1719 869 1762 dabunt
912 1723 942 1762 0
988 1721 1004 1775 ΙΙ
1053 1723 1138 1762 144
1175 1720 1330 1763 anime
1375 1721 1428 1763 in
1474 1719 1632 1764 anima
1669 1735 1726 1765 m.
1767 1725 1800 1766 2

111 1792 226 1824 corr.
243 1782 286 1820 H
311 1780 319 1834 1
345 1791 517 1834 pei-ape
534 1781 576 1819 Η
591 1791 648 1821 m.
665 1781 691 1821 1
716 1778 733 1834 ΙΙ
758 1781 842 1821 145
862 1776 1134 1833 Occultique
1158 1779 1342 1834 scripsi:
1377 1778 1711 1835 Occultamque
1730 1783 1761 1822 0
1789 1780 1795 1838 Ι

110 1837 409 1882 manifestam
439 1837 493 1880 iri
522 1836 770 1880 manifeste
799 1851 856 1880 m.
890 1841 923 1882 2
956 1850 1070 1881 corr.
1105 1840 1147 1879 11
1183 1840 1189 1891 Ι
1224 1837 1444 1881 abstrahe
1477 1841 1529 1881 0:
1562 1839 1717 1882 astrae
1747 1839 1801 1883 iri

112 1911 168 1940 ac
191 1897 324 1940 strue
354 1910 412 1941 m.
443 1899 477 1941 2
509 1908 623 1941 corr.
655 1896 698 1937 Η
729 1896 884 1939 astrue
916 1896 1037 1939 Itali
1058 1896 1074 1952 ΙΙ
1100 1900 1184 1940 146
1218 1898 1348 1940 actus
1379 1897 1566 1952 scripsi:
1597 1896 1721 1953 ignis
1753 1901 1800 1953 0,

111 1956 231 2012 quod
268 1955 384 2009 ferri
413 1967 508 1998 ‘non
542 1967 671 2009 posse
700 1955 895 1998 ostendit
925 1955 1126 1999 Iacobus
1162 1954 1309 1998 instat
1345 1955 1594 2010 coniciens:
1634 1956 1800 2013 ingens

19 2021 28 2028 ’
110 2013 354 2070 Hauptius
376 2014 393 2070 ΙΙ
418 2017 501 2056 147
526 2012 721 2068 Semper
746 2013 794 2056 in
817 2012 997 2057 incluso
1023 2018 1076 2056 G:
1113 2013 1305 2070 Semper
1326 2013 1377 2057 in
1399 2014 1588 2058 inclusis
1612 2015 1728 2071 (·sus
1753 2016 1799 2071 0)

112 2073 264 2126 ceteri:
307 2072 555 2128 Septorum
587 2071 803 2116 claustris
836 2073 1037 2117 Iacobus
1069 2071 1268 2128 Spiritus
1299 2072 1487 2117 inclusis
1519 2074 1762 2130 Hauptius
1788 2074 1794 2131 1

111 2131 264 2176 uentis
308 2144 394 2175 nec
430 2131 614 2186 scripsi:
664 2144 749 2175 nec
787 2131 941 2175 uentis
982 2135 1013 2174 0
1062 2132 1164 2186 (1166
1204 2132 1366 2176 uectus
1405 2135 1463 2188 H)
1514 2134 1521 2187 Ι
1571 2132 1722 2177 senior
1759 2136 1802 2175 E

113 2190 296 2234 saeuior
330 2202 358 2236 ς
401 2190 418 2246 u
464 2193 549 2233 148
582 2203 693 2234 num
722 2188 1027 2246 fremitusque
1059 2189 1084 2233 ἓ
1135 2194 1141 2246 Ι
1190 2203 1383 2234 mouens
1415 2191 1621 2248 Scaliger
1670 2193 1677 2247 1
1725 2191 1803 2235 hic

113 2249 314 2293 Iacobus
363 2250 370 2303 1
418 2248 555 2305 pigra
591 2250 777 2305 scripsi:
816 2249 953 2305 plura
985 2253 1015 2291 0
1056 2249 1172 2293 dura
1204 2250 1397 2307 Machly
1441 2251 1456 2306 ΙΙ
1504 2254 1587 2294 149
1619 2250 1802 2305 Vincla,

112 2309 181 2352 ita
205 2311 236 2350 0
265 2308 271 2363 Ι
298 2307 375 2351 hic
408 2308 608 2351 Iacobus
629 2309 646 2364 n
672 2312 755 2352 150
779 2307 907 2352 riuos
933 2312 986 2351 G:
1014 2308 1191 2365 rigidos
1216 2312 1334 2350 0811
1361 2309 1517 2365 riguos
1541 2309 1766 2354 Heinsius
1792 2310 1798 2367 Ι

111 2365 236 2410 hesit
267 2365 489 2410 contficia
519 2369 561 2407 Η
590 2380 647 2410 m.
679 2371 705 2410 1
741 2366 856 2423 (exit
886 2368 1119 2412 condensa
1148 2381 1205 2412 m.
1239 2370 1290 2423 2)
1316 2369 1323 2423 Ι
1351 2367 1504 2411 canali
1527 2381 1634 2424 eqo:
1667 2381 1802 2412 cana·

111 2425 181 2469 les
214 2429 245 2467 0
291 2426 308 2481 ΙΙ
355 2429 437 2468 151
470 2424 586 2468 Visa
615 2424 759 2469 nimie
790 2430 832 2468 Η
882 2429 889 2480 1
936 2426 1130 2471 flabriue
1169 2426 1264 2470 ruit
1300 2427 1485 2482 scripsi:
1526 2426 1802 2472 flammaeue

26 2486 29 2488 ’
111 2483 206 2528 ruit
221 2487 257 2525 G
279 2484 470 2528 flamma
491 2482 637 2528 uerrit
659 2489 723 2526 08
746 2484 937 2529 flamma
959 2484 1115 2529 ueurit
1136 2489 1179 2527 11
1200 2485 1371 2529 flamen
1393 2484 1540 2529 uertit
1563 2486 1765 2530 Iacobus
1792 2486 1797 2544 Ι

113 2556 206 2598 qua
243 2546 298 2585 G:
346 2556 488 2598 quam
527 2543 660 2587 ceteri
701 2543 718 2600 {l
766 2547 849 2587 152
892 2543 1153 2600 Oblicumq3
1194 2548 1240 2585 S:
1285 2543 1550 2601 Obliqumq.
1590 2548 1633 2587 Η
1674 2543 1802 2589 Obli-

113 2614 349 2657 quumque
382 2606 410 2642 c
437 2603 444 2657 Ι
473 2602 634 2645 secant
662 2605 704 2643 Η
734 2615 791 2647 m.
823 2607 856 2647 2
883 2604 891 2659 Ι
919 2616 1012 2658 qua
1043 2607 1129 2646 OS:
1163 2615 1281 2658 quae
1307 2606 1342 2644 G
1374 2617 1516 2659 quam
1545 2606 1589 2645 Η
1614 2606 1621 2659 Ι
1649 2605 1803 2649 crusta

111 2660 299 2716 scripsi:
330 2673 468 2704 causa
499 2663 535 2701 G
565 2660 668 2704 uisa
698 2662 830 2705 ceteri
864 2663 871 2719 Ι
908 2662 1162 2705 cenerrima
1192 2665 1234 2703 11
1264 2675 1320 2707 m.
1346 2666 1372 2706 1
1409 2663 1416 2720 Ι
1451 2662 1680 2707 clausaest
1711 2664 1803 2720 (uel

113 2719 384 2775 claussaest)
407 2719 592 2775 scripsi:
618 2733 780 2763 caussa
807 2722 879 2764 est
894 2725 930 2762 G
954 2733 1094 2764 causa
1118 2721 1190 2764 est
1212 2721 1347 2765 ceteri
1370 2722 1578 2778 (causam
1601 2725 1644 2764 Η
1665 2736 1722 2765 m.
1749 2726 1780 2767 2

114 2777 248 2821 caula.
293 2779 364 2822 est
411 2778 627 2822 Gorallus
673 2779 828 2822 crusta
874 2781 944 2823 est
990 2779 1234 2836 Hauptius
1278 2793 1433 2824 massa
1475 2782 1546 2825 est
1585 2723 1803 2839 Munroi!

115 2835 306 2940 ,185ἱέἓί
335 2840 376 2878 Η
418 2851 474 2881 m.
508 2841 540 2882 2
590 2838 597 2893 Ι
646 2837 829 2881 hiantes
861 2842 916 2880 G:
957 2838 1092 2882 hiatu
1130 2839 1264 2884 ceteri
1306 2840 1323 2895 11
1371 2842 1456 2883 154
1496 2839 1802 2896 cedentiaque

150 2908 173 2939 c
217 2909 228 2919 ⁴
291 2909 394 2940 erus

202 2977 324 3010 Pom.
345 2986 437 3012 mer.
462 2986 548 3011 um.
574 2979 626 3012 ΙΙ.
1509 2976 1533 3015 ’7
