1992 3238
743 181 1135 229 VERGILIANA.
1712 184 1781 236 27

95 320 170 371 tis
194 321 310 370 tum
340 318 397 369 in
422 317 755 386 singularum
786 317 1019 385 partium
1053 319 1455 388 compositione,
1485 318 1543 370 in
1565 317 1782 386 mythos

94 390 445 445 coaceruandi
473 390 652 443 studio
685 407 852 458 paene
875 389 1101 443 ridiculo
1134 392 1360 460 aliisque
1390 393 1447 444 in
1478 391 1637 443 rebus
1668 391 1783 443 iure

96 464 421 532 displiceant
451 462 777 532 (complures
812 461 957 515 enim
988 462 1133 516 docti
1162 464 1283 516 inde
1315 465 1383 517 ab
1408 463 1619 533 Heynio
1651 463 1784 516 haec

95 538 232 591 uitia
270 538 404 590 bene
435 535 841 606 inlustrarunt):
882 538 966 588 sat
997 536 1099 588 erit
1128 536 1361 606 digitum
1391 537 1687 590 intendisse
1725 537 1784 588 in

98 629 364 664 summam
379 610 802 662 mediocritatem
824 627 921 677 per
937 609 1120 662 omnia
1146 610 1498 678 aequabiliter
1523 628 1783 678 sparsam,

96 702 235 753 quae
267 684 313 736 si
338 683 464 753 quid
494 683 707 751 proficit
737 683 832 735 uni
862 682 1067 751 solique
1099 682 1260 735 debet
1283 683 1555 735 sedulitati
1578 683 1783 736 laboris

91 757 415 826 sudorisque
437 756 648 825 plenae.
696 756 788 808 sed
817 755 912 808 illa
934 756 992 808 in
1015 756 1199 824 paruis
1224 773 1351 808 cura
1373 756 1610 824 limaque
1634 759 1785 808 uetat

95 847 164 883 ne
203 830 388 899 iniqua
429 830 502 882 de·
533 832 751 883 auctore
790 829 1059 882 sententia
1096 830 1174 881 ita
1212 829 1499 882 abutamur
1527 831 1588 880 ut
1626 846 1784 897 quae-

94 903 181 956 uis
210 904 398 971 inepta
428 903 701 972 stultaque
733 921 854 955 eum
885 903 1131 970 posuisse
1163 902 1561 955 existumemus.
1614 901 1787 954 ueluti

82 975 181 1046 (ut
220 977 434 1029 mittam
480 976 588 1028 alia
635 976 808 1028 multa
853 976 921 1028 ab
969 976 1263 1028 editoribus
1309 976 1473 1028 nimis
1519 975 1789 1043 patienter

97 1049 354 1119 tolerata)
402 1049 623 1102 insanus
670 1049 832 1117 plane
878 1049 1133 1102 dicendus
1182 1052 1324 1102 esset
1377 1051 1540 1118 poeta
1584 1051 1785 1116 noster,

103 1124 149 1175 si
187 1123 245 1175 in
274 1140 438 1191 puero
469 1122 695 1176 Octauio
705 1165 719 1192 ,
757 1123 842 1176 cui
879 1123 1030 1175 misit
1062 1121 1326 1190 Culicem,
1365 1140 1479 1175 esse
1518 1122 1630 1174 iam
1669 1122 1784 1191 glo-

94 1196 232 1249 riam
269 1199 527 1265 perpetuo
566 1197 831 1248 lucentem
866 1196 1227 1264 praedicasset
1258 1195 1534 1265 eidemque
1565 1198 1628 1247 ut
1665 1213 1784 1248 sero

94 1272 396 1323 moreretur
447 1273 697 1340 precatus
753 1273 895 1322 esset
941 1270 1014 1339 (u.
1061 1270 1130 1323 37
1167 1268 1318 1339 sqq).
1386 1269 1643 1322 nimirum
1690 1272 1784 1320 aut

95 1360 197 1412 ego
258 1342 420 1396 fallor
480 1346 574 1396 aut
627 1343 789 1396 medii
850 1344 970 1396 aeui
1030 1343 1274 1396 homines
1326 1342 1613 1396 Octauium
1667 1360 1784 1395 esse

97 1416 404 1485 Augustum
463 1417 844 1484 imperatorem
905 1417 1214 1486 opinanteS,
1285 1435 1407 1469 cum
1466 1415 1785 1485 praesertim

95 1490 241 1543 hunc
302 1489 467 1542 fuisse
529 1490 952 1558 condiscipulum
1014 1490 1246 1560 Vergilii
1319 1487 1409 1559 (cf.
1470 1489 1585 1541 uita
1646 1506 1782 1557 quae

91 1566 321 1616 uocatur
365 1561 677 1633 Bernensis)
726 1563 870 1615 inter
915 1566 1091 1616 cetera
1136 1563 1387 1615 fabulosa
1433 1562 1783 1630 accepissent,

66 1699 78 1703 ,
80 1653 310 1704 puerum
347 1636 503 1689 illum
542 1636 607 1689 de
647 1654 743 1689 suo
782 1637 1096 1690 intulerunt.
1152 1640 1270 1689 erat
1308 1639 1490 1689 autem
1529 1635 1785 1689 Octauius

94 1710 210 1762 sine
241 1709 402 1762 dubio
435 1709 599 1763 homo
631 1710 741 1763 iam
775 1714 950 1763 aetate
981 1711 1288 1779 prouectior
1319 1713 1374 1762 et
1403 1709 1637 1762 fortasse
1669 1709 1784 1777 ipse

91 1783 183 1836 ille
222 1782 479 1836 Octauius
524 1783 817 1837 historicus
864 1784 922 1836 in
961 1783 1260 1853 Cataleptis
1302 1781 1392 1854 (cf.
1430 1781 1595 1853 infra)
1643 1800 1785 1835 com-

94 1855 505 1928 memoratus*)3
546 1857 879 1926 eundemque
910 1858 969 1910 in
999 1857 1287 1911 Messallae
1320 1857 1480 1910 domo
1512 1856 1784 1909 tironibus

92 1931 284 1998 poesin
328 1931 718 1999 temptantibus
759 1931 984 1984 consilio
1023 1931 1347 2000 monitisque
1394 1929 1629 1983 adfuisse
1674 1947 1787 1982 non

94 2003 211 2056 sine
234 2004 365 2056 iuris
391 2003 566 2072 specie
592 2004 845 2057 statuisse
870 2005 1006 2057 mihi
1029 2005 1214 2057 uideor
1240 2003 1488 2070 [‘Tibull.
1511 2001 1781 2055 Blaetter’

93 2096 144 2145 p.
185 2077 296 2143 56].
356 2095 484 2129 nam
529 2078 720 2145 nequis
766 2078 825 2130 in
870 2096 1087 2131 carmen
1135 2097 1166 2130 a
1193 2080 1531 2147 ‘suppostore
1580 2076 1786 2129 scilicet

91 2151 212 2204 loco
245 2151 466 2220 genuini
498 2148 700 2203 Culicis
732 2150 1038 2221 Vergiliani
1073 2155 1251 2204 totum
1281 2152 1467 2204 fictum
1499 2149 1784 2203 Octauium

92 2241 226 2348 culp:
272 2224 602 2350 {oportunat
627 2224 866 2351 Auguslti
917 2225 1295 2352 recordatii-gpe
1343 2225 1620 2349 inuectgm
1667 2240 1785 2275 esse

93 2314 181 2348 ala
320 2315 355 2349 u
376 2314 441 2350 ex
477 2315 577 2363 n„os
605 2315 662 2350 er
737 2317 806 2351 ua
829 2317 874 2351 1s
913 2317 1054 2353 nunc
1094 2317 1159 2351 ex
1280 2317 1339 2350 m
1376 2315 1526 2350 omm
1565 2315 1627 2349 us
1668 2313 1785 2349 sese

80 2369 273 2453 ,prodit
312 2386 626 2439 germanum
665 2316 787 2425 agui
816 2371 1086 2443 Augustei
1125 2372 1438 2441 incipientis
1469 2370 1654 2422 fetum.
1702 2372 1785 2422 est

89 2443 238 2496 enim
275 2447 421 2496 totus
454 2446 569 2496 arte
600 2443 963 2499 Alexandrina
993 2446 1170 2499 factus
1209 2446 1371 2514 plane
1402 2444 1591 2497 eodem
1622 2442 1785 2496 modo

83 2519 252 2585 atque
293 2515 495 2570 Catulli
532 2516 959 2587 Epithalamium
1003 2520 1151 2572 Pelei
1197 2522 1252 2571 et
1298 2517 1582 2585 Thetidos,
1628 2514 1786 2569 Calui

88 2589 176 2654 10,
223 2588 498 2644 Cornificii
545 2589 793 2644 Glaucus.
863 2596 917 2645 et
964 2593 1011 2646 si
1056 2593 1145 2645 uel
1188 2592 1306 2661 ipse
1353 2588 1601 2644 Catullus
1658 2607 1788 2657 quo·

90 2664 269 2716 minus
308 2664 365 2716 in
410 2664 507 2716 illo
548 2664 762 2734 quidem
801 2667 1059 2735 opusculo
1098 2666 1213 2718 ueri
1258 2668 1454 2734 poetae
1491 2681 1693 2716 nomen
1732 2665 1788 2714 et

241 2778 284 2835 ³¹⁶)
313 2778 384 2824 ita
423 2780 503 2835 qui
542 2780 710 2825 statuit
745 2780 1030 2825 Ribbeckius
1068 2781 1373 2836 (quamquam
1409 2792 1607 2836 puerum
1645 2777 1786 2822 Octa.-

94 2837 224 2880 uium
255 2838 374 2883 miro
405 2838 547 2883 modo
579 2839 771 2895 ferens),
801 2839 842 2884 is
873 2840 963 2884 hoe
993 2839 1148 2896 posito
1172 2839 1412 2896 singulare
1431 2851 1650 2882 uersuum
1678 2841 1709 2879 4
1738 2836 1789 2880 et

85 2900 268 2940 ⁴27-34
302 2911 402 2942 esse
437 2911 633 2943 acumen
662 2898 780 2942 bene
811 2900 972 2943 monet
1003 2899 1165 2956 [praef.
1199 2913 1246 2955 p.
1279 2897 1346 2956 9]-
