1992 3238
123 173 156 226 8
729 170 850 215 XVI.
890 169 1203 215 APPENDIX

119 307 360 360 fontibus
421 305 548 358 libri
600 303 641 357 Gr
695 305 764 357 ad
815 304 1027 358 Aetnae
1079 325 1167 359 uu.
1218 305 1322 359 138
1344 305 1534 358 —271
1601 305 1805 358 uariam

118 381 405 433 lectionem
470 379 768 448 composui,
829 398 917 432 uu.
963 379 1282 432 272—287
1339 379 1456 446 ipse
1510 397 1574 431 ex
1628 377 1806 432 codice

119 452 484 506 Laurentiano
524 451 796 520 descripsi.

269 525 477 578 Eodem
507 525 621 579 fere
643 528 902 595 tempore,
936 543 1040 594 quo
1065 525 1245 578 Aetna
1267 525 1326 577 in
1350 525 1587 578 codicem
1618 524 1809 594 Gyral-

121 600 306 652 dinum
336 601 556 667 recepta
587 602 684 668 est,
723 617 787 652 ex
817 599 1189 652 uetustissimo
1221 599 1318 652 illo
1352 598 1645 668 exemplari
1677 598 1812 650 alter

119 672 374 725 librarius
406 673 749 742 transcripsit
779 671 1018 726 Culicem
1049 675 1104 725 et
1129 670 1349 741 Gopam.
1397 675 1452 725 et
1483 672 1647 726 codex
1677 670 1811 724 haec

122 746 229 799 duo
271 746 530 815 opuscula
566 746 800 799 fideliter
839 763 1095 814 expressa
1133 746 1414 799 continens
1445 746 1664 798 ineunte
1698 763 1811 798 sae-

119 819 240 873 culo
285 819 391 873 XV
447 820 611 872 etiam
663 822 793 873 tunc
849 819 1034 872 adfuit.
1113 837 1218 888 quo
1275 820 1449 888 spatio
1506 836 1627 872 cum
1675 818 1811 870 alius

121 893 341 963 quidam
388 894 526 946 liber
567 892 658 964 (cf.
707 911 844 963 quae
891 893 1034 946 infra
1079 892 1143 945 de
1181 891 1607 946 Helmstadiensi
1651 891 1815 944 inter-

117 967 308 1035 polato
349 966 640 1036 dicentur),
677 969 795 1020 tum
834 985 963 1019 uero
1004 984 1067 1019 ex
1104 967 1199 1019 illo
1238 966 1416 1019 fluxit:

271 1039 341 1109 V,
396 1040 562 1094 codex
613 1039 915 1094 Vossianus
961 1039 1078 1092 Lat.
1125 1039 1241 1093 Oct.
1288 1041 1356 1093 81
1415 1037 1614 1111 (neque
1670 1039 1815 1091 enim

119 1117 326 1167 rectam
382 1114 719 1184 signaturam
775 1114 870 1166 dat
921 1113 1253 1167 Ribbeckius
1308 1114 1550 1183 prolegg.
1604 1131 1655 1181 p.
1704 1110 1816 1182 30),

119 1188 368 1256 membr.‚
423 1205 558 1240 saec.
605 1186 728 1252 XV,
793 1187 884 1255 qui
937 1187 1101 1240 haece
1158 1187 1425 1240 continet:
1485 1187 1577 1239 fol.
1621 1186 1817 1239 1-10

117 1260 350 1328 Priapea
403 1258 493 1331 (cf.
539 1261 647 1314 uol.
695 1259 724 1312 I
777 1279 829 1329 p.
877 1259 973 1313 57:
1033 1278 1143 1313 non
1203 1263 1424 1314 nostrae
1487 1259 1816 1312 collectionis

117 1333 347 1403 Priapea
386 1332 561 1405 sunt),
599 1334 692 1386 fol.
729 1334 946 1387 11—13
979 1334 1261 1399 Monetam,
1299 1333 1391 1387 fol.
1427 1333 1494 1386 13
1521 1351 1598 1403 sq.
1635 1332 1818 1400 Rosas,

116 1407 210 1460 fol.
252 1409 323 1460 14
372 1406 566 1476 Copam
613 1411 667 1460 et
710 1408 814 1461 Est
851 1412 899 1462 et
935 1408 1082 1476 Non,
1127 1406 1220 1461 fol.
1265 1407 1332 1460 15
1388 1407 1572 1461 Virum
1617 1407 1818 1470 bonum,

118 1482 214 1534 fol.
250 1481 468 1534 15—22
501 1480 738 1549 Oulicem,
778 1481 873 1534 fol.
905 1481 1124 1534 23—26
1164 1481 1350 1550 eleyias
1378 1482 1437 1534 in
1467 1481 1818 1534 Maecenatem

120 1554 212 1625 (cf.
235 1555 341 1608 uol.
364 1554 391 1606 I
413 1573 465 1623 p.
495 1552 642 1626 124),
681 1555 773 1609 fol.
798 1556 867 1608 27
897 1573 1009 1624 sqq.
1047 1554 1351 1608 Petronium
1390 1553 1478 1624 (cf.
1502 1553 1818 1607 Buecheleri

121 1628 290 1698 praef.
328 1647 381 1697 p.
411 1626 539 1699 XX)
548 1670 563 1697 ‚
603 1628 694 1682 fol.
736 1628 997 1681 54—224
1024 1628 1324 1693 Catullum,
1374 1627 1651 1693 Tibullum,
1690 1626 1818 1680 Pro-

112 1703 359 1771 pertium.
443 1720 580 1772 quae
641 1703 796 1755 uaria
858 1720 1022 1774 opera
1081 1702 1361 1772 librarius,
1432 1701 1540 1754 alia
1602 1701 1819 1754 aliunde

121 1793 362 1845 sumenS‚
423 1794 520 1829 suo
583 1776 793 1830 scilicet
854 1775 1138 1829 commodo
1195 1775 1518 1845 composuit.
1590 1779 1644 1828 et
1701 1792 1824 1828 cum

119 1853 423 1903 ceterorum
461 1850 763 1903 carminum
803 1852 985 1902 textus
1032 1851 1193 1919 plane
1235 1849 1308 1902 sit
1344 1849 1490 1902 idem
1529 1866 1694 1918 quam
1732 1849 1824 1918 qui

121 1924 180 1975 in
230 1923 450 1992 reliquis
498 1924 612 1976 eius
662 1924 861 1976 aetatis
909 1923 1064 1976 libris
1105 1923 1343 1976 occurrit
1390 1925 1444 1975 et
1491 1923 1658 1975 nullis
1703 1940 1824 1991 pro-

118 1997 251 2065 priis
305 1997 464 2050 bonis
511 1997 767 2066 emineat,
821 1997 879 2049 in
925 1995 1107 2050 Oulice
1153 1999 1210 2050 et
1256 1994 1407 2066 Copa
1461 1996 1822 2064 praest-antiae

119 2075 236 2123 tam
300 2070 592 2140 singularis
656 2089 946 2140 omnesque
1009 2088 1143 2140 quos
1206 2070 1547 2139 possidemus
1611 2069 1819 2122 codices

122 2144 430 2213 superantis
492 2148 576 2197 est
638 2147 699 2197 ut
758 2144 891 2217 haec
956 2144 1216 2213 opuscula
1275 2161 1387 2197 non
1445 2143 1661 2212 possint
1713 2160 1824 2196 non

121 2221 342 2286 sumpta
389 2235 506 2270 esse
553 2235 618 2270 ex
666 2216 886 2288 egregio
935 2217 1168 2287 quodam
1206 2217 1634 2287 reuerendaeque
1673 2219 1829 2269 uetu-

124 2292 281 2344 statis
320 2290 478 2344 libro.
527 2292 758 2362 agnouit
788 2309 1058 2345 summum
1098 2291 1240 2360 quod
1263 2289 1312 2343 V
1348 2291 1406 2343 in
1439 2288 1622 2344 Oulice
1661 2290 1827 2344 habet

127 2365 363 2434 pretium
401 2364 669 2418 Iohannes
705 2363 1035 2419 Schraderus
1073 2365 1130 2417 in
1167 2364 1630 2418 Emendationum
1669 2364 1828 2431 libro,

124 2439 216 2491 sed
261 2439 607 2509 impugnauit
663 2438 748 2510 (ut
793 2442 912 2492 erat
964 2439 1128 2492 homo
1181 2438 1407 2492 timidus
1455 2438 1653 2508 quique
1704 2437 1825 2490 aeui

122 2513 356 2565 recentis
395 2513 751 2583 propaginem
790 2515 877 2567 tot
913 2513 1123 2565 nobiles
1164 2512 1365 2566 saeculi
1395 2511 1474 2564 IX
1506 2514 1560 2565 et
1590 2511 1642 2564 X
1684 2511 1826 2564 filios

124 2585 263 2638 albis
309 2603 655 2654 praecurrere
706 2587 857 2657 equis
905 2605 1018 2640 non
1069 2583 1282 2656 tulerit)
1332 2583 1572 2639 Naekius
1618 2583 1827 2637 Valerii

124 2659 209 2712 sui
259 2657 486 2712 Catonis
532 2678 584 2728 p.
622 2661 727 2713 291
767 2679 907 2730 sqq.;
965 2677 1065 2730 ego
1114 2660 1194 2713 ita
1245 2678 1343 2729 per
1389 2658 1572 2712 omnia
1624 2658 1829 2712 bonum

125 2732 448 2802 fidelemque
509 2732 652 2786 hunc
713 2734 913 2787 librum
968 2733 1202 2805 cognoui
1262 2737 1324 2787 ut
1385 2733 1442 2786 in
1499 2732 1830 2786 carminibus

129 2806 450 2875 supradictis
475 2824 575 2875 pro
601 2807 861 2875 primario
886 2807 1216 2862 recensionis
1240 2807 1591 2860 fundamento
1622 2805 1828 2858 habere

132 2897 244 2933 non
309 2879 683 2934 dubitauerim.
752 2898 865 2934 non
927 2885 1072 2935 caret
1133 2881 1347 2951 quidem
1407 2879 1556 2933 uitiis
1616 2879 1829 2932 librarii
