1992 3238
761 212 1157 258 VERGILIANA.
1737 212 1765 264 1
1773 211 1807 263 5

117 349 559 418 interpolationes
596 347 887 400 exhibeam:
919 345 999 415 (id
1032 347 1174 416 quod
1203 348 1261 400 in
1293 345 1442 416 Copa
1472 346 1806 415 comparatio

118 442 240 476 cum
264 421 313 474 V
344 419 618 492 ostendit),
648 423 864 490 praeter
893 421 1030 472 uitia
1058 420 1320 489 quaedam
1350 420 1644 489 peculiaria
1673 437 1810 472 non-

119 497 298 550 nullas
344 499 530 549 tamen
574 494 866 563 exquisitas
913 493 1172 547 lectiones
1218 496 1506 546 seruarunt
1547 491 1629 563 (id
1667 493 1810 562 quod

117 571 176 623 in
213 570 361 623 Diris
409 569 751 638 potissimum
799 567 996 620 summi
1042 569 1125 620 est
1162 565 1473 637 momenti),
1520 585 1656 636 quae
1700 585 1813 621 non

118 661 185 697 ex
232 643 539 697 coniectura
583 644 813 710 possunt
860 659 975 694 esse
1021 641 1317 709 profectae⁷
1365 640 1456 692 sed
1496 658 1560 693 ex
1597 641 1812 709 puriore

119 716 270 769 fonte
317 718 628 784 comparato
667 715 1002 783 repetendae
1042 714 1306 767 uidentur.
1381 714 1699 767 collationes
1746 714 1814 767 ad

120 789 327 858 Copam
357 788 609 859 praebuit
630 788 919 842 Ribbeckii
952 790 1260 857 apparatuS‚
1293 787 1360 839 ad
1383 786 1545 840 Diras
1569 786 1813 840 Naekius

124 864 215 930 [cf.
251 863 372 917 Val.
410 861 526 916 Cat.
565 863 731 931 praef.
767 881 819 930 p.
858 861 939 915 VI
963 862 1116 931 sqq.]‚
1155 861 1224 914 ad
1261 860 1532 914 Moretum
1570 859 1814 930 Silligius

120 956 173 1007 p.
212 937 319 990 337
346 955 448 1007 sq.;
497 935 863 990 Maecenatem
910 935 1026 1004 ipse
1074 934 1296 988 excussi.
1346 964 1410 974 ——
1461 952 1583 987 cum
1626 934 1814 989 Mona-

64 1007 73 1019 ‘
117 1011 371 1063 censibus
413 1013 592 1062 autem
630 1010 946 1063 coniunctus
987 1012 1071 1062 est
1107 1008 1274 1062 codex
1308 1007 1590 1061 Parisinus
1635 1009 1814 1062 16236

121 1082 373 1152 (Sorbon.
398 1081 531 1153 511)
556 1101 690 1136 saec.
707 1083 807 1152 XI,
832 1083 924 1152 qui
943 1085 1072 1152 post
1089 1081 1385 1135 Aeneidem
1411 1082 1629 1137 exhibet
1645 1082 1817 1136 More-

119 1159 238 1209 tum
263 1160 318 1209 et
341 1159 551 1226 partem
574 1156 903 1210 Maecenatis
930 1157 1019 1223 [cf.
1043 1157 1149 1211 uol.
1177 1155 1205 1208 I
1228 1175 1277 1224 p.
1307 1156 1435 1222 124]
1461 1155 1553 1210 fol.
1577 1156 1688 1210 245
1703 1175 1818 1226 sqq.

272 1229 442 1284 Porro
483 1230 572 1283 hic
612 1230 785 1283 denuo
816 1230 1317 1283 commemorandus
1351 1232 1434 1283 est
1462 1230 1663 1283 nullius
1702 1249 1819 1299 pre-

120 1303 187 1355 tii
224 1304 365 1356 liber
403 1302 728 1357 Harleianus
761 1303 909 1357 2534
946 1302 1035 1373 (cf.
1067 1322 1119 1372 p.
1154 1301 1264 1374 13),
1301 1306 1363 1355 ut
1394 1304 1486 1372 qui
1517 1304 1657 1356 inter
1693 1322 1818 1372 poe-

122 1380 271 1430 mata
292 1379 466 1446 partis
498 1377 696 1450 prioris
726 1378 947 1446 propria
977 1377 1228 1430 exhibeat
1257 1377 1392 1429 illud
1420 1377 1549 1444 quid
1574 1377 1665 1431 hoc
1692 1379 1821 1431 noui

120 1454 198 1503 est
219 1469 283 1502 ex
308 1452 479 1503 altera
508 1454 662 1518 parte
694 1454 984 1519 arreptum.
1037 1451 1142 1505 hue
1168 1450 1332 1503 etiam
1359 1451 1597 1518 pertinet
1619 1451 1819 1504 nobilis

124 1523 265 1576 liber
294 1522 344 1576 V
375 1541 536 1592 supra
571 1523 887 1592 descriptuS,
917 1524 1061 1592 quod
1094 1523 1162 1576 ad
1191 1524 1400 1592 reliqua
1433 1526 1647 1592 praeter
1677 1523 1820 1578 Ouli-

126 1614 240 1650 cem
281 1599 336 1650 et
364 1595 570 1666 Copam
611 1597 870 1666 opuscula
907 1597 1126 1668 attinet,
1167 1599 1222 1650 et
1259 1597 1351 1651 ille
1377 1598 1571 1667 codex,
1611 1615 1676 1651 ex
1714 1616 1820 1667 quo

126 1671 349 1739 quintae
390 1671 578 1724 classis
617 1671 745 1724 libri
785 1689 882 1724 sua
920 1674 1281 1740 sumpserunt.

272 1743 395 1797 Tali
427 1747 611 1798 autem
641 1745 948 1814 exemplari,
979 1745 1036 1797 in
1065 1763 1171 1815 quo
1196 1745 1333 1798 duae
1364 1747 1548 1813 partes
1578 1745 1821 1815 integrae

124 1818 520 1887 recompositae
545 1821 713 1888 erant,
738 1819 917 1888 aliquo
944 1819 1102 1873 modo
1127 1818 1301 1872 uideri
1332 1821 1514 1888 potest
1544 1837 1660 1872 esse
1691 1837 1821 1872 usus

125 1892 174 1944 is
213 1892 306 1959 qui
345 1892 561 1944 saeculo
590 1892 704 1945 fere
736 1893 1020 1945 undecimo
1052 1893 1110 1945 in
1140 1892 1322 1946 Gallia
1354 1911 1420 1945 ex
1450 1893 1615 1946 uariis
1646 1894 1823 1962 poetis

128 1964 316 2016 latinis
362 1965 588 2033 collegit
630 1965 806 2018 flores.
882 1965 1154 2019 habentur
1200 1966 1398 2035 quippe
1444 1966 1504 2018 in
1549 1966 1823 2020 codicibus

124 2036 386 2090 Parisinis
414 2039 557 2091 7647
593 2056 728 2092 saec.
750 2038 1068 2092 XII--XIII
1100 2038 1182 2110 (p)
1215 2040 1307 2093 fol.
1335 2039 1441 2092 112
1474 2058 1553 2109 sq.
1590 2042 1648 2092 et
1677 2040 1823 2093 Pari-

128 2111 246 2163 sino
289 2111 354 2163 17
361 2111 469 2164 903
510 2129 647 2165 saec.
683 2111 821 2164 XIII
860 2111 942 2183 (n)
982 2113 1073 2166 fol.
1116 2115 1185 2166 72
1211 2131 1286 2182 sq.
1335 2117 1585 2182 excerpta
1622 2132 1689 2166 ex
1725 2113 1825 2168 Ou-

126 2183 234 2252 lice,
272 2184 460 2254 Αθὺηα,
491 2184 606 2239 Cim·
640 2186 727 2252 [cf.
756 2185 863 2239 uol.
887 2186 915 2239 I
945 2205 996 2255 p.
1021 2186 1177 2255 223];
1216 2205 1542 2257 quamquam
1571 2187 1661 2241 hic
1694 2188 1824 2242 ordo

126 2259 192 2308 ut
228 2257 483 2311 fortuitus
517 2277 634 2312 esse
672 2262 870 2329 potest,
908 2261 987 2313 ita
1020 2261 1154 2314 alias
1186 2279 1397 2330 quoque
1438 2261 1824 2330 explicationes

129 2329 385 2383 admittit.
446 2334 682 2386 ceterum
714 2334 857 2403 quod
890 2334 958 2386 ad
997 2335 1230 2403 pretium
1270 2337 1642 2404 excerptorum
1672 2335 1824 2388 Pari-

128 2403 730 2533 ?{nfflffifflaiffi
759 2407 1123 2535 Par'nsssshss‘ss
1151 2409 1428 2535 ἓοᾞέῗιᾞθ
1445 2407 1824 2536 ἱζὲἒὲῗᾚζ

765 2511 838 2521 -u—
1119 2502 1164 2534 rl
1803 2517 1825 2523 .-

127 2549 304 2603 tinent
328 2582 397 2591 —
422 2553 705 2621 uulgarem
742 2555 838 2608 illa
873 2558 1082 2608 textum
1114 2556 1303 2609 classis
1344 2556 1609 2621 secundae
1642 2575 1825 2610 secun-

128 2625 240 2692 tur,
286 2627 348 2677 ut
383 2627 568 2678 tamen
615 2627 704 2680 hic
750 2629 862 2682 illic
908 2630 1156 2682 meliores
1204 2632 1300 2682 aut
1338 2633 1480 2683 certe
1524 2631 1825 2701 singulares

132 2697 429 2764 praebeant
468 2700 778 2769 scripturas.
839 2721 973 2772 quas
1004 2721 1071 2755 ne
1103 2703 1171 2756 ad
1210 2703 1474 2774 originem
1509 2705 1828 2758 reconditio-

130 2787 245 2822 rem
275 2772 584 2843 referamus,
614 2778 767 2828 uetat
795 2777 1123 2846 excerptoris
1151 2777 1210 2831 in
1239 2778 1514 2831 mutandis
1547 2781 1827 2833 auctorum

130 2845 312 2898 uerbis
367 2845 624 2900 habilitas
679 2849 892 2902 aliunde
950 2853 1082 2904 nota
1138 2851 1226 2918 [cf.
1281 2852 1449 2921 praef.
1505 2852 1573 2905 ad
1627 2852 1828 2906 Tibull.

131 2933 184 2983 p.
222 2917 397 2986 ΧΙΙΙ].
459 2920 587 2976 Par.
626 2923 740 2991 ipse
781 2943 826 2977 a.
871 2924 1012 2978 1875
1051 2925 1326 2995 descripsi.
