1992 3238
230 196 337 248 146
622 196 741 241 XVI.
781 194 1095 239 APPENDIX
1108 216 1113 219 -
1125 193 1519 242 VERGILIANA.

230 330 471 383 Flectere
512 347 715 398 amore,
753 347 851 382 nec
891 332 974 382 est
1014 347 1133 382 cum
1173 330 1253 382 dis
1294 330 1615 383 contendere
1650 334 1921 400 nostrum3

231 402 335 456 Sed
372 403 544 471 patris
583 403 840 456 incolumi
877 403 1059 472 potius
1100 403 1366 456 denubere
1404 420 1572 472 regno
1832 418 1919 458 330

229 477 409 546 Atque
449 476 657 545 aliquos
696 479 880 528 tamen
920 494 1035 529 esse
1067 477 1202 529 uelis
1240 476 1365 544 tibi,
1404 477 1641 545 alumna,
1679 481 1920 545 penates,

226 549 348 602 Hoc
387 568 554 602 unum
595 550 753 602 exilio
794 550 952 603 docta
991 552 1151 618 atque
1192 552 1413 618 experta
1450 550 1694 603 monebo,

230 622 386 685 Quod
427 623 472 675 si
510 641 622 676 non
661 624 769 676 alia
806 623 1009 692 poteris
1048 622 1260 675 ratione
1298 625 1575 692 parentem

225 695 465 749 Flectere
507 694 623 761 (sed
660 697 887 766 poteris:
929 695 1055 765 quid
1095 695 1237 747 enim
1274 713 1385 749 non
1422 696 1581 749 unica
1618 696 1881 767 possis?)‚

228 769 366 822 Tum
403 771 585 839 potius
626 770 842 823 tandem
882 769 1014 836 ista,
1052 768 1143 837 pio
1185 787 1307 821 cum
1344 770 1458 822 iure
1498 769 1700 839 licebit,
1830 783 1917 823 335

139 913 143 916 ἡ
228 841 364 896 Cum
401 844 534 897 facti
575 861 793 897 causam
830 845 1152 911 tempusque
1192 841 1392 895 doloris
1433 842 1683 913 habebis,

227 916 368 969 Tum
406 918 587 986 potius
629 919 823 970 conata
860 918 956 968 tua
996 917 1158 984 atque
1197 916 1416 984 incepta
1453 916 1675 986 refert03

226 989 419 1060 Meque
459 990 690 1059 deosque
728 990 833 1042 tibi
872 988 1121 1058 comites,
1159 1007 1279 1042 mea
1318 989 1560 1058 alumna,
1598 990 1808 1042 futuros

226 1063 515 1117 Polliceor:
552 1063 688 1116 nihil
729 1066 834 1132 est,
874 1062 1016 1132 quod
1054 1062 1255 1115 texitur
1294 1062 1501 1131 ordine,
1540 1062 1800 1133 longum?

299 1137 401 1190 His
441 1138 535 1189 ubi
576 1137 838 1190 sollicitos
879 1135 1046 1189 animi
1083 1136 1421 1189 releuauerat
1459 1139 1639 1189 aestus
1828 1150 1915 1191 340

226 1211 468 1264 Vocibus
507 1213 562 1263 et
598 1210 801 1263 blanda
837 1212 1025 1278 pectus
1066 1227 1159 1277 spe
1197 1210 1400 1263 luserat
1439 1227 1686 1280 aegrum,

226 1284 496 1337 Paulatim
534 1284 890 1337 tremebunda
929 1282 1081 1352 genis
1123 1282 1385 1335 obducere
1426 1285 1635 1335 uestem

226 1358 473 1427 Virginis
515 1360 570 1411 et
607 1357 878 1426 placidam
916 1354 1156 1409 tenebris
1197 1359 1412 1424 captare
1452 1356 1686 1426 quietem

225 1432 450 1485 Inuerso
490 1431 735 1484 bibulum
772 1430 1114 1499 restinguens
1154 1430 1336 1482 lumen
1376 1430 1522 1483 oliuo

226 1505 422 1574 Incipit
461 1505 529 1557 ad
569 1505 889 1574 crebrosque
927 1503 1108 1556 insani
1148 1504 1382 1571 pectoris
1423 1504 1563 1556 ictus
1835 1518 1922 1558 345

227 1578 388 1632 Ferre
427 1596 670 1649 manum,
710 1577 939 1631 assiduis
981 1577 1221 1630 mulcens
1260 1578 1574 1645 praecordia
1611 1577 1825 1646 palmis,

226 1651 458 1706 Noctem
495 1652 647 1704 illam
688 1652 764 1705 sic
801 1652 1010 1703 maesta
1049 1669 1210 1718 super
1248 1651 1531 1704 morientis
1573 1651 1820 1704 alumnae

227 1725 534 1795 Frigidulos
575 1725 756 1778 cubito
799 1724 1028 1777 subnixa
1065 1723 1323 1792 pependit
1362 1725 1574 1777 ocellos,

349 1846 433 1885 329
467 1855 624 1886 amore
655 1841 816 1897 uulyo:
850 1853 981 1884 amor
1014 1843 1044 1881 0
1094 1840 1101 1895 Ι
1150 1852 1301 1895 neque
1333 1844 1366 1881 1.
1415 1842 1422 1894 Ι
1473 1837 1547 1883 θέὺ
1575 1840 1736 1896 uulyo:
1769 1839 1830 1883 sit
1855 1843 1886 1882 0
1916 1840 1922 1898 1

229 1899 318 1944 diis
360 1904 390 1942 0
441 1902 447 1955 Ι
499 1900 752 1943 concedere
790 1902 832 1941 11
878 1913 937 1942 m.
969 1902 995 1942 1
1043 1898 1058 1954 ΙΙ
1104 1902 1191 1942 330
1237 1900 1286 1942 te
1331 1898 1507 1943 nubere
1552 1902 1645 1953 La,
1677 1902 1719 1940 Η
1756 1912 1813 1942 m.
1854 1899 1926 1957 2ss

229 1964 316 2003 331
351 1958 494 2002 uelim
525 1959 604 2002 uir
634 1959 792 2003 doctus
821 1958 875 2002 in
904 1958 1028 2001 misc.
1060 1957 1172 2001 obss.
1205 1956 1271 2002 IV
1296 1962 1382 2001 327
1411 1957 1418 2013 Ι
1446 1957 1666 2013 alumpna
1694 1961 1733 1999 A
1765 1957 1926 2001 aluma

228 2022 268 2060 R
297 2018 313 2074 ΙΙ
347 2021 432 2061 332
468 2017 606 2062 exilio
637 2019 715 2061 uir
745 2018 903 2061 doctus
935 2017 963 2061 Z.
997 2017 1049 2060 L:
1091 2015 1233 2060 exitio
1265 2019 1349 2059 AB
1381 2015 1526 2060 exicio
1557 2020 1599 2058 Η
1630 2015 1824 2060 exitium
1854 2020 1887 2058 1.

231 2082 316 2121 333
365 2076 525 2133 aliqua
570 2077 667 2120 siue
712 2076 811 2120 ulla
858 2075 1142 2120 Schraderus
1185 2076 1201 2131 ss
1247 2080 1334 2119 334
1380 2088 1473 2119 non
1518 2077 1621 2117 AB:
1670 2074 1879 2118 nisi-111.

229 2140 315 2180 335
350 2135 469 2178 Tum
501 2135 763 2191 Hauptius:
806 2135 876 2178 Tu
907 2137 991 2176 AR
1033 2133 1163 2177 Tunc
1193 2136 1276 2175 HL
1326 2136 1333 2188 Ι
1381 2133 1573 2177 tandem
1612 2133 1706 2176 ista
1735 2134 1923 2189 scripsi:

226 2194 311 2250 ipa
340 2195 411 2237 tffi
443 2196 517 2251 (=
548 2194 756 2249 tandem)
789 2197 832 2235 11
862 2195 1021 2237 tamen
1052 2192 1155 2248 ipsa
1185 2195 1310 2234 ALB.
1340 2194 1500 2236 tamen
1531 2191 1623 2235 ista
1656 2193 1735 2235 uir
1765 2193 1922 2236 doctus

229 2275 256 2319 l.
292 2275 319 2319 Z.
357 2274 363 2333 Ι
397 2275 500 2318 iura
530 2277 572 2316 Η
602 2288 658 2318 m.
691 2278 717 2317 1
749 2274 765 2328 ΙΙ
796 2278 882 2316 336
914 2260 1100 2329 teffipus
1132 2258 1365 2328 ca'susamq3
1398 2276 1436 2314 A
1463 2272 1469 2329 Ι
1498 2286 1602 2316 cum
1632 2271 1797 2327 iusque
1830 2271 1925 2316 dol.

231 2334 422 2391 Machly
453 2333 468 2389 ΙΙ
499 2337 585 2377 337
620 2333 738 2376 Tum
769 2331 1033 2388 Hauptius:
1067 2331 1198 2376 Tunc
1223 2334 1253 2373 0
1282 2332 1288 2386 l
1315 2332 1395 2375 tue
1427 2335 1464 2373 A
1494 2332 1577 2375 tuo
1607 2335 1677 2373 La
1703 2332 1710 2386 Ι
1736 2330 1928 2387 incepta

229 2394 388 2450 uulyo:
421 2392 599 2436 incerta
631 2395 662 2433 0
693 2392 708 2447 ΙΙ
740 2395 825 2435 338
858 2390 968 2434 deos
999 2393 1084 2432 AB
1116 2391 1179 2446 (q3
1213 2391 1319 2435 add.
1353 2392 1397 2447 a)
1430 2390 1445 2446 ΙΙ
1476 2394 1561 2434 339
1594 2389 1736 2433 uerba
1767 2388 1928 2432 Nichil

232 2452 303 2496 est
335 2477 389 2483 —
421 2451 615 2507 longum
660 2450 826 2494 habent
871 2453 1081 2505 eoecerpta
1129 2449 1377 2493 Parisina:
1426 2450 1485 2503 cf.
1525 2448 1614 2492 ποῖ.
1655 2449 1677 2491 Ι
1713 2461 1765 2503 p.
1798 2452 1885 2492 223
1917 2447 1923 2506 1

229 2509 406 2553 texitur
437 2509 611 2554 Paris:
651 2507 803 2553 texuit
833 2511 968 2550 AER
1005 2508 1137 2552 texat
1165 2507 1216 2551 in
1245 2512 1315 2550 La
1344 2509 1475 2551 texas
1506 2508 1646 2563 uulyo
1676 2506 1692 2563 ΙΙ
1726 2509 1813 2550 340
1845 2505 1927 2550 His

231 2569 398 2624 uulyot
430 2567 520 2612 Hic
551 2571 684 2610 AER.
714 2568 816 2611 Hoc
845 2571 878 2609 L
906 2568 913 2623 Ι
938 2565 1027 2610 tibi
1057 2571 1089 2608 1.
1116 2569 1124 2623 Ι
1151 2566 1376 2611 sollicitos
1400 2569 1438 2608 A
1469 2565 1675 2610 solicitos
1706 2569 1764 2607 R:
1800 2564 1926 2609 solli-

232 2627 353 2671 citus
390 2630 479 2668 HL
506 2629 512 2682 Ι
539 2627 831 2671 reuelauerat
861 2627 1108 2682 (suprascr.
1139 2639 1195 2669 m.
1221 2629 1254 2670 2
1285 2625 1597 2679 relaueuerat‚
1628 2624 1710 2678 sic)
1741 2627 1783 2665 Η
1813 2624 1929 2668 rele-

230 2685 415 2730 uauerit
462 2700 489 2727 a
534 2686 775 2729 uelauerat
804 2690 836 2727 1.
881 2685 897 2740 ΙΙ
943 2689 1027 2728 341
1070 2698 1150 2740 spe
1189 2698 1272 2729 om.
1304 2687 1346 2725 Η
1395 2683 1402 2741 Ι
1450 2682 1629 2728 luserat
1667 2683 1763 2727 edd.
1806 2686 1928 2727 ant:

231 2744 430 2789 iusserat
461 2747 546 2785 AB.
576 2744 752 2788 uiserat
782 2746 862 2786 Ha.
894 2743 1126 2787 clauserat
1156 2748 1188 2784 1.
1233 2744 1250 2798 [l
1296 2746 1380 2786 342
1412 2741 1560 2799 gemis
1590 2745 1632 2783 Η
1678 2742 1693 2797 ΙΙ
1740 2745 1826 2784 344
1857 2755 1929 2784 re-

233 2803 472 2859 stinguens
503 2803 663 2859 uulgo:
707 2803 990 2858 restringens
1024 2805 1054 2843 0
1089 2802 1356 2859 (restrigens
1388 2802 1439 2857 1.)
1478 2801 1494 2856 ΙΙ
1532 2805 1618 2843 345
1651 2799 1929 2854 crebrosque

232 2861 449 2907 Bothius:
498 2861 681 2905 crebros
699 2865 744 2903 -0
791 2863 806 2916 ΙΙ
851 2865 937 2905 347
977 2860 1226 2904 marcentis
1265 2861 1339 2904 uel
1375 2858 1624 2903 maerentis
1665 2858 1892 2902 Heinsius
1916 2858 1929 2915 Η

232 2921 451 2977 alumpne
485 2923 573 2962 An
611 2921 627 2976 ΙΙ
665 2923 749 2963 348
783 2919 964 2963 cubitos
996 2922 1037 2960 Η
1070 2918 1238 2964 cubitis
1270 2923 1302 2960 L
1346 2920 1351 2975 Ι
1394 2917 1616 2975 pependis
1647 2920 1689 2959 11
1719 2931 1775 2960 m.
1809 2921 1835 2961 1
