1992 3238
221 209 327 261 130
616 210 736 255 XVI.
777 210 1086 256 APPENDIX
1117 212 1509 259 VERGILIANA.

213 345 395 414 Scylla
431 362 604 398 nouos
642 345 823 397 auium
864 346 1106 400 sublimis
1144 348 1202 400 in
1241 366 1360 400 aere
1400 352 1582 402 coetus

213 419 421 474 Viserit
458 421 512 470 et
548 418 696 470 tenui
737 420 1098 473 conscendens
1139 421 1358 473 aethera
1395 422 1563 490 pinna
1843 436 1900 477 50

216 492 488 547 Caeruleis
528 510 625 544 sua
661 494 806 544 tecta
846 511 1006 561 super
1044 494 1358 547 uolitauerit
1398 495 1519 563 alis,
1622 496 1627 501 ’

213 567 372 619 Hanc
410 583 506 634 pro
546 583 815 634 purpureo
855 585 1086 650 poenam
1126 568 1386 620 scelerata
1425 569 1620 637 capillo
1630 611 1644 638 7

212 640 318 693 Pro
357 638 527 709 patris
568 641 622 691 et
661 639 872 692 soluens
913 640 1090 692 excisa
1127 641 1368 694 funditus
1414 642 1560 694 urbe.

214 713 529 782 Complures
567 712 719 765 illam
759 714 963 782 magni,
1004 711 1284 782 Messalla,
1323 718 1512 783 poetae

214 786 389 853 (Nam
426 804 613 839 uerum
651 786 941 839 fateamur:
982 789 1129 839 amat
1166 786 1523 856 Polyhymnia
1563 789 1772 859 uerum)
1845 802 1902 842 55

211 860 399 931 Longe
439 860 547 912 alia
583 859 871 928 perhibent
908 862 1175 912 mutatam
1213 861 1456 913 membra
1495 863 1667 932 figura
1979 860 1984 866 ’

214 934 518 1005 Scyllaeum
557 935 798 985 monstro
840 951 1027 985 saxum
1066 933 1352 986 infestasse
1391 936 1599 1004 uoraci3

210 1009 370 1062 Illam
409 1024 524 1059 esse
566 1006 835 1058 aerumnis
876 1025 1038 1076 quam
1079 1025 1239 1076 saepe
1277 1008 1519 1076 legamus
1559 1008 1708 1062 Vlixi

213 1081 454 1136 Candida
493 1080 815 1132 succinctam
856 1079 1183 1133 latrantibus
1222 1082 1446 1150 inguina
1484 1083 1741 1136 monstris

210 1155 490 1209 Dulichias
530 1170 752 1205 uexasse
791 1156 935 1206 rates
977 1156 1032 1206 et
1070 1155 1285 1224 gurgite
1324 1156 1383 1207 in
1422 1156 1533 1208 alto
1845 1170 1902 1210 60

208 1228 519 1298 Deprensos
558 1228 751 1278 nautas
792 1227 1011 1279 canibus
1052 1228 1318 1281 lacerasse
1357 1229 1598 1282 marinis,
1724 1248 1728 1251 ’

213 1302 317 1356 Sed
354 1320 526 1371 neque
564 1299 844 1353 Maeoniae
883 1301 1163 1369 patiuntur
1203 1302 1415 1354 credere
1456 1305 1634 1355 cartae

209 1377 323 1430 Nec
361 1376 535 1429 malus
574 1374 804 1426 istorum
843 1374 1020 1427 dubiis
1061 1376 1333 1428 erroribus
1353 1379 1573 1429 auctor.

209 1450 431 1520 Iamque
472 1449 606 1501 alias
648 1448 739 1500 alii
777 1448 942 1518 uulgo
981 1449 1182 1501 finxere
1220 1449 1429 1517 puellas
1438 1491 1453 1518 7

212 1523 358 1586 Quae
399 1520 800 1591 Colophoniaco
842 1519 1056 1591 Scyllae
1097 1522 1342 1575 dicantur
1379 1522 1632 1576 Homero.
1844 1537 1901 1577 65

330 1702 385 1740 49
415 1696 556 1741 Scilla.
579 1699 661 1738 111.
694 1697 764 1752 (ut
778 1696 1061 1752 plerumque)
1095 1696 1225 1753 Sylla
1255 1700 1340 1739 AB.
1363 1697 1629 1752 plerumque
1652 1698 1666 1754 ΙΙ
1691 1701 1746 1740 50
1771 1695 1900 1740 Vise-

209 1755 273 1800 rit
302 1757 486 1812 scripsi:
519 1753 706 1799 Viderit
733 1758 763 1796 0
793 1757 799 1811 1
826 1755 1018 1799 aethera
1049 1759 1108 1797 A.
1143 1757 1300 1799 aetera
1323 1759 1362 1797 R
1394 1755 1545 1799 sidera
1568 1759 1610 1797 Η
1642 1754 1808 1810 sydera
1830 1759 1862 1797 1.
1892 1755 1897 1814 Ι

208 1815 372 1871 pinna]
398 1814 537 1871 pinne
561 1817 602 1855 H
633 1827 786 1870 penna
817 1818 941 1857 ALR
964 1815 979 1870 ΙΙ
1003 1818 1058 1857 51
1092 1828 1232 1870 supra
1254 1818 1297 1856 Η
1319 1814 1335 1870 ΙΙ
1359 1818 1412 1857 52
1447 1814 1764 1858 conscelerata
1797 1816 1901 1871 (con

209 1874 293 1919 del.
324 1887 382 1918 m.
414 1876 465 1929 2)
497 1876 539 1914 Η
577 1873 592 1928 ΙΙ
632 1877 686 1916 53
719 1872 808 1916 Pro
843 1873 1042 1928 (Proque
1074 1873 1124 1928 L)
1159 1873 1306 1929 patris
1338 1888 1372 1916 s.
1407 1873 1557 1916 excisa
1588 1873 1625 1916 &
1657 1873 1712 1929 (81
1740 1873 1807 1917 sic
1836 1877 1899 1915 Η.

210 1933 281 1976 001
311 1936 396 1975 AB
428 1944 510 1976 om.
543 1933 630 1986 La)
661 1930 870 1975 funditus
895 1946 937 1977 u.
965 1935 1017 1986 03
1051 1933 1222 1988 etpost
1244 1931 1391 1987 patris
1415 1932 1595 1986 traieci;
1627 1930 1721 1976 Pro
1745 1931 1902 1988 patria

210 1992 410 2045 soluens,
443 1989 597 2034 excisa
628 1991 675 2033 et
704 1990 737 2034 f.
769 2005 813 2033 11.
847 1990 993 2047 Haup
996 1966 1089 2035 t’ius
1111 1991 1127 2047 ΙΙ
1151 1995 1207 2035 54
1241 1990 1357 2034 Cum
1387 1990 1543 2046 plures
1574 1994 1620 2045 0,
1653 2004 1767 2035 corr.
1801 1991 1896 2035 edd.

209 2054 302 2095 ant.
331 2051 339 2105 Ι
365 2026 497 2094 illam
522 2064 567 2091 a:
600 2048 686 2093 illa
716 2052 851 2091 AER.
881 2048 1014 2093 illam
1046 2051 1095 2094 et
1116 2054 1149 2091 L
1178 2051 1183 2106 Ι
1210 2047 1429 2107 messalla
1458 2053 1500 2091 Η
1524 2051 1538 2106 ΙΙ
1563 2053 1617 2093 55
1647 2050 1808 2093 amant
1829 2053 1862 2090 1.
1890 2048 1896 2106 Ι

207 2108 469 2165 polhimnia
498 2111 540 2150 Η
580 2106 775 2164 polimia
805 2111 843 2149 A
882 2108 1109 2164 polimnia
1139 2113 1178 2151 R
1214 2098 1458 2165 polymnia
1488 2113 1520 2150 1.
1566 2111 1582 2164 ΙΙ
1629 2112 1684 2152 56
1718 2107 1810 2151 alia
1840 2133 1899 2139 —-

209 2168 359 2225 figura
389 2172 441 2210 L:
477 2167 618 2210 aliam
651 2192 706 2199 —
738 2167 937 2224 figuram
967 2171 1101 2210 AER
1142 2169 1150 2224 Ι
1190 2166 1441 2223 prohibent
1470 2171 1509 2209 B.
1543 2169 1549 2221 Ι
1585 2167 1814 2210 mutatam
1845 2171 1896 2208 L:

208 2228 393 2270 mutat-a
422 2226 472 2269 111
502 2229 590 2268 ΔΗ
628 2226 726 2292 (sic)
757 2231 794 2269 R
817 2227 832 2282 ΙΙ
857 2229 910 2269 57
952 2228 1158 2271 1110110110
1198 2240 1359 2269 saxum
1391 2226 1653 2282 Hauptius:
1692 2226 1901 2270 monstra

210 2299 371 2330 saxum
388 2289 430 2327 H
457 2283 693 2328 monstra
680 2299 730 2327 111
746 2298 907 2327 saxum
923 2289 955 2326 1.
981 2286 1188 2329 monstra
1205 2298 1419 2329 saxosum
1444 2283 1511 2342 (in
1529 2298 1642 2329 saxa
1666 2285 1708 2339 a)
1726 2288 1763 2326 A
1788 2297 1898 2328 saxo

207 2346 417 2389 monstra
446 2348 486 2386 Β,
522 2346 529 2399 Ι
562 2343 806 2387 infestasse
837 2344 1025 2399 scripsi·
1066 2343 1291 2388 insectata
1322 2347 1455 2386 AER.
1487 2345 1584 2400 (sic)
1618 2344 1837 2388 contenta
1865 2347 1898 2384 L

208 2417 431 2448 conuersa
462 2418 489 2445 a
523 2402 742 2446 infestare
773 2402 1015 2458 Hauptius
1057 2404 1063 2459 Ι
1105 2403 1264 2447 uoraci
1295 2403 1557 2459 Hauptius.
1589 2401 1748 2447 uocari
1779 2405 1899 2443 HLa

207 2462 376 2506 uocaui
406 2465 490 2504 AB
535 2463 551 2518 ΙΙ
597 2466 652 2505 58
685 2474 783 2505 0000
816 2475 870 2505 ex
901 2475 1079 2507 messea
1111 2475 1224 2507 corr.
1258 2465 1315 2504 A:
1357 2475 1535 2506 messea
1565 2467 1603 2505 B
1641 2474 1790 2505 messe
1824 2462 1895 2517 (m.

207 2534 294 2565 rec.
326 2534 538 2565 messana
567 2520 815 2577 suprascr.)
848 2524 889 2563 H
929 2534 977 2564 se
1008 2525 1040 2562 L
1084 2523 1089 2577 Ι
1133 2520 1367 2577 erumpnis
1398 2524 1498 2576 ΔΗ,
1531 2533 1613 2565 om.
1645 2524 1684 2562 R
1718 2522 1724 2576 Ι
1760 2532 1897 2575 saepe

207 2581 294 2623 uix
324 2593 508 2634 sanum3
542 2594 566 2624 e
590 2594 705 2635 rupe
733 2580 944 2636 Machly3
977 2594 1087 2624 ‘num
1120 2580 1167 2624 et
1192 2580 1281 2635 (ac)
1305 2580 1439 2636 peste
1464 2578 1489 2622 .9
1513 2580 1528 2634 ΙΙ
1553 2583 1607 2623 59
1642 2578 1897 2623 succintam

206 2642 247 2681 Β,
269 2639 284 2695 ΙΙ
309 2643 364 2682 60
387 2637 642 2694 Dulychias
670 2651 838 2682 uexase
863 2643 901 2681 R.
929 2641 934 2691 Ι
961 2639 1119 2683 rathes
1145 2642 1182 2681 A
1205 2640 1220 2694 ΙΙ
1244 2643 1298 2682 61
1323 2638 1478 2682 nautis
1503 2642 1541 2679 A
1568 2637 1574 2694 Ι
1602 2637 1744 2682 latras
1728 2650 1798 2680 sse
1820 2641 1860 2679 R
1882 2636 1897 2694 ΙΙ

210 2701 266 2741 62
305 2696 486 2755 meonie
528 2697 615 2756 hec
646 2702 678 2739 L
733 2698 836 2752 (hec
868 2698 1000 2742 addit
1031 2713 1058 2740 a
1088 2698 1276 2754 quoque)
1328 2698 1334 2752 Ι
1385 2698 1509 2741 carte
1542 2700 1649 2738 ΔΗ·
1708 2696 1895 2739 chartae

164 2768 166 2770 ·
207 2760 288 2798 LR.
310 2756 326 2813 ΙΙ
351 2761 405 2799 63
437 2768 585 2809 uagus
609 2756 933 2812 Hertzberyius
964 2758 1057 2813 (sed
1083 2757 1234 2800 malus
1266 2757 1428 2800 auctor
1459 2759 1522 2799 est
1551 2756 1684 2798 miser
1716 2754 1894 2807 Vliaee33

207 2814 404 2858 istorum
428 2818 588 2870 potius
617 2819 889 2870 suspectum3
915 2829 1005 2871 pro
1036 2829 1122 2872 quo
1154 2814 1300 2872 ipsius
1332 2815 1522 2870 conicio)
1560 2815 1576 2869 ΙΙ
1617 2818 1673 2856 64
1705 2788 1894 2868 Iamque'

207 2874 393 2929 scripsi:
428 2874 641 2928 Namque
667 2877 697 2915 0
731 2874 907 2929 (Nanqz
940 2876 990 2930 L)
1020 2877 1025 2931 Ι
1053 2875 1182 2932 fulgo
1207 2878 1248 2917 Η
1270 2887 1326 2918 m.
1352 2877 1378 2916 1
1408 2875 1414 2930 Ι
1441 2873 1614 2929 fingere
1639 2876 1679 2913 Η
1702 2873 1717 2927 ΙΙ
1743 2876 1797 2915 65
1829 2871 1895 2914 di-

204 2934 372 2976 cuntur
402 2936 486 2974 AB.
