1992 3238
803 203 860 249 II.
898 204 1098 249 DIRAE.
1725 205 1793 257 83

109 339 413 407 Purpureos
451 337 630 406 flores,
670 355 803 406 quos
842 337 1063 405 insuper
1102 340 1452 393 accumbebat

110 412 341 465 Brachia
378 411 619 463 formoso
659 427 964 479 supponens
1005 408 1202 479 Cypria
1234 413 1372 466 collo

112 484 275 556 (Tum
314 485 469 537 credo
508 483 686 536 fuerat
721 484 940 536 Mauors
980 483 1246 537 distentus
1284 486 1341 537 in
1381 486 1568 556 armis;

108 558 250 612 Nam
290 561 430 611 certe
470 557 748 610 Vulcanus
789 575 922 625 opus
961 556 1219 626 faciebat,
1259 562 1312 610 et
1350 560 1429 612 illi
1740 573 1796 613 70

113 631 282 684 Tristi
318 631 576 699 turpabat
613 630 785 683 malas
823 630 1050 700 fuligine
1089 629 1298 700 barba).

107 704 236 758 Non
273 705 487 757 Aurora
524 721 696 756 nouos
737 704 901 756 etiam
939 703 1177 772 plorauit
1208 722 1417 757 amores

108 779 287 847 Atque
323 778 520 830 rubens
561 777 746 830 oculos
785 795 941 830 roseo
982 777 1181 829 celauit
1219 778 1455 830 amictu?

109 852 262 904 Talia
300 851 598 904 caelicolae.
658 851 918 919 numquid
956 850 1134 902 minus
1175 869 1337 903 aurea
1374 851 1592 920 proles?

105 925 256 994 Ergo
289 924 430 993 quod
462 924 590 976 deus
623 927 784 993 atque
815 923 993 992 herOS‚
1025 941 1118 976 cur
1148 942 1260 976 non
1291 924 1468 978 minor
1492 925 1678 978 aetas?
1744 938 1799 978 75

106 998 301 1052 Infelix
341 1015 456 1067 ego,
493 1015 605 1051 non
643 998 738 1050 illo
779 997 870 1066 qui
907 999 1151 1066 tempore
1189 1001 1349 1050 natus

112 1072 230 1135 Quo
267 1072 399 1124 felix
435 1073 631 1124 natura
668 1070 786 1122 fuit.
849 1088 965 1123 sors
1005 1088 1036 1123 o
1077 1088 1197 1123 mea
1234 1072 1391 1124 laeua

107 1144 379 1198 Nascendi
418 1145 779 1214 miserumque
819 1160 1009 1214 geum,
1050 1145 1177 1214 quoi
1217 1163 1336 1198 sera
1374 1145 1544 1198 libido
1586 1146 1689 1198 est!

108 1218 341 1272 Tantam
380 1218 494 1270 fata
531 1236 681 1271 meae
722 1218 896 1271 carnis
935 1217 1108 1270 :fecere
1146 1219 1419 1288 rapinam,

106 1292 185 1346 Vt
221 1309 469 1345 maneam
509 1292 649 1360 quod
688 1292 781 1344 uix
819 1291 990 1344 oculis
1031 1309 1352 1361 cognoscere
1390 1293 1584 1361 possis,
1743 1305 1801 1346 80

27 1450 32 1455 -
106 1425 283 1478 (secum
295 1422 518 1478 Scaliyer)
537 1421 598 1467 Et
610 1421 697 1466 dea
714 1422 836 1466 clam
851 1423 1015 1467 tenera
1027 1422 1252 1466 Heinsius
1267 1422 1329 1466 Et
1344 1422 1432 1467 dea
1441 1436 1546 1466 cum
1558 1423 1719 1467 tenero
1729 1423 1803 1467 uel

104 1482 167 1526 Et
181 1481 269 1525 dea
287 1494 391 1525 cum
406 1479 603 1537 Cinyrae
622 1481 958 1536 Wernsdorfius
979 1482 1081 1538 (pro
1097 1481 1147 1525 in
1161 1480 1307 1525 herba
1320 1494 1538 1537 reponens
1554 1481 1708 1525 Adoni
1728 1482 1802 1525 uel

106 1540 306 1596 ephebo)
332 1539 393 1584 Et
417 1553 618 1596 quocum
640 1541 805 1584 tenera
831 1539 1081 1584 Putschius
1105 1539 1311 1596 (quicum
1335 1540 1560 1597 Naekius)
1588 1540 1651 1584 Et
1671 1554 1800 1584 mare

107 1612 213 1643 cum
244 1601 403 1643 tenero
428 1598 756 1643 Lachmannus
786 1599 848 1643 ad
871 1598 1012 1644 Lucr.
1038 1598 1080 1643 V
1108 1603 1220 1642 1001
1250 1601 1256 1655 Ι
1283 1598 1473 1655 gauisus
1506 1600 1578 1643 est
1599 1602 1642 1641 11
1664 1613 1723 1644 m.
1746 1602 1797 1653 13

106 1657 194 1702 dea
232 1657 335 1701 uisa
373 1656 638 1702 Gronouius
687 1659 693 1714 Ι
742 1658 928 1702 laedere
970 1657 1026 1702 G.
1069 1656 1311 1703 Canterus:
1358 1658 1519 1702 ludere
1552 1662 1582 1700 0
1630 1656 1802 1702 elidere

109 1715 375 1761 Gronouius
397 1717 413 1773 ΙΙ
438 1722 491 1762 67
525 1716 740 1773 quotiens
772 1730 910 1773 super
937 1716 1162 1761 Heinsius
1188 1718 1195 1772 Ι
1223 1717 1563 1761 accumbebant
1594 1730 1615 1760 o
1647 1730 1704 1760 m.
1735 1721 1762 1760 1
1788 1716 1801 1773 Η

109 1779 165 1820 68
212 1774 414 1820 Brachia
458 1775 686 1820 Naekius:
744 1774 948 1820 Grandia
986 1779 1018 1818 0
1074 1775 1284 1820 Candida
1328 1777 1427 1822 edd.
1475 1779 1569 1820 ant.
1632 1775 1803 1832 Cypria

111 1833 362 1878 Putschius
404 1836 410 1890 1
450 1834 655 1879 formosa
682 1838 724 1876 Η
757 1848 815 1880 m.
847 1838 873 1878 1
902 1835 909 1890 1
938 1834 1202 1891 subponens
1234 1849 1295 1878 no
1329 1837 1336 1891 Ι
1373 1833 1543 1892 Cypria
1571 1834 1804 1879 Naekius:

110 1893 283 1948 gaudia
322 1896 353 1935 0
406 1893 602 1937 brachia
640 1893 738 1939 edd.
778 1897 873 1937 ant.
921 1894 937 1950 ΙΙ
984 1898 1038 1937 69
1072 1893 1110 1937 Τ
1152 1894 1304 1938 littera
1342 1895 1561 1938 distincta
1598 1894 1651 1937 in
1688 1897 1765 1935 BP

109 1950 298 1996 Mauors
320 1951 474 1996 fueras
498 1951 763 1997 Gronouius
785 1953 801 2009 ΙΙ
825 1956 881 1996 70
904 1951 1048 2010 Nam]
1080 1952 1181 1996 Hoc
1204 1957 1250 1995 u
1282 1951 1397 1997 Cum
1423 1952 1766 2009 Peerlkampius
1799 1950 1805 2009 Ι

114 2016 166 2055 71
208 2010 433 2067 turpabat
462 2014 523 2054 11:
567 2011 880 2068 turpabatque
911 2015 1027 2053 BPT
1072 2010 1385 2067 turbabatque
1422 2016 1469 2054 Π
1516 2011 1523 2070 Ι
1580 2011 1730 2055 malas
1768 2010 1802 2056 f.

111 2070 257 2114 barba
281 2069 506 2126 Scaliger:
538 2070 666 2114 mala
689 2069 719 2114 f.
745 2069 939 2114 barbam
965 2074 996 2112 0
1029 2070 1224 2126 (malum
1254 2075 1307 2123 '13
1339 2071 1515 2114 malam
1538 2070 1762 2126 Naekius)
1787 2069 1803 2129 ΙΙ

111 2133 166 2172 72
197 2128 367 2173 nothos
401 2128 456 2174 G.
485 2128 785 2173 Hermannus
819 2142 923 2173 suos
953 2129 1198 2185 Hauptius
1234 2131 1250 2186 ΙΙ
1290 2134 1344 2174 73
1375 2129 1528 2186 roseo]
1560 2129 1704 2174 rubeo
1735 2133 1802 2184 113

105 2201 217 2291 232²
234 2186 903 2305 5322-35212252'205213333?
914 2188 1156 2292 ‘vizlessiffs
1170 2188 1803 2305 ΡὲἰῖἶιέεέἪΕ-ῑᾌᾞέῗῇ

108 2309 162 2350 75
195 2299 308 2361 quid
348 2305 488 2350 decus
525 2309 568 2348 Η
602 2307 609 2362 Ι
644 2320 748 2366 eros
778 2310 811 2348 P
850 2306 883 2349 h
913 2320 987 2351 ros
1019 2311 1052 2349 Τ
1085 2306 1100 2363 ΙΙ
1137 2311 1191 2351 77
1223 2307 1320 2351 fors
1357 2321 1432 2350 mo
1467 2310 1474 2363 Ι
1508 2307 1639 2350 lenta
1668 2305 1796 2350 Dan.

106 2364 331 2409 Heinsius
368 2365 384 2420 ΙΙ
423 2369 479 2409 78
511 2365 806 2409 Nascendum
838 2380 866 2408 n
943 2364 1055 2421 quoi
1084 2365 1312 2410 Naekius:
1353 2379 1445 2420 quo
1479 2370 1510 2408 0
1555 2379 1582 2410 o
1612 2365 1685 2409 uel
1714 2378 1800 2421 pro

104 2423 167 2469 N.
192 2423 417 2467 Heinsius
443 2424 450 2479 Ι
479 2425 552 2468 est
582 2436 665 2468 om.
692 2428 735 2466 Η
757 2425 773 2480 [l
797 2428 852 2468 79
885 2424 1087 2469 Tantam
1112 2436 1161 2472 ςε
1194 2425 1397 2469 Tantum
1424 2427 1467 2466 Η
1498 2425 1597 2480 (sic)
1620 2427 1665 2466 Μ
1699 2424 1798 2479 (sie)

103 2486 179 2524 ΡΤ
210 2482 363 2526 Tanta
392 2486 426 2524 Β
478 2484 484 2539 Ι
533 2482 634 2526 fata.
663 2496 797 2527 meae
827 2482 1071 2528 Heinsius:
1112 2484 1214 2528 uita
1245 2496 1376 2527 meae
1407 2487 1452 2525 Μ
1494 2482 1592 2527 uite
1622 2495 1726 2526 mee
1757 2485 1800 2524 E

104 2541 231 2586 uitae
270 2554 402 2585 meae
442 2545 475 2583 P
521 2541 618 2586 uite
657 2554 788 2586 meae
827 2546 860 2584 Τ
905 2555 1037 2600 meae
1075 2541 1173 2602 uite
1212 2546 1268 2598 B3
1315 2541 1415 2586 fata
1451 2555 1557 2586 meo
1596 2541 1670 2586 uel
1707 2540 1801 2585 mei

107 2601 241 2645 aliter
271 2600 498 2644 Heinsius
527 2600 594 2644 mi
624 2600 751 2645 uitae
783 2600 1020 2645 Francius
1051 2602 1164 2645 uota
1194 2613 1326 2644 meae
1359 2601 1563 2645 Iacobus
1591 2599 1720 2644 uitae
1751 2599 1801 2643 in

104 2672 180 2703 me
211 2659 419 2703 Naekius
458 2660 615 2704 saecla
645 2673 776 2704 meae
807 2659 1082 2705 Ribbeckius
1123 2661 1130 2716 Ι
1173 2659 1325 2704 carnis
1355 2660 1539 2716 scripsi:
1582 2658 1734 2704 cordis
1767 2662 1798 2700 0

44 2747 47 2749 >
107 2718 256 2773 (cordi
281 2720 325 2773 ς)
351 2718 488 2763 sortis
505 2720 579 2763 uel
595 2717 726 2763 cordi
740 2719 813 2763 uel
829 2718 1001 2763 morbis
1019 2719 1239 2763 Heinsius
1263 2732 1400 2763 curae
1415 2718 1657 2764 Francius
1681 2717 1799 2774 (fata

105 2777 200 2822 mei
227 2778 348 2821 curis
373 2777 632 2834 Hauptius)
661 2779 667 2833 Ι
694 2777 820 2822 fecer
841 2782 874 2820 P
896 2778 913 2834 ΙΙ
936 2781 993 2821 80
1024 2790 1214 2822 maneas
1238 2781 1280 2820 Η
1307 2778 1316 2836 Ι
1341 2777 1515 2822 occulis
1541 2791 1562 2821 ο
1590 2779 1597 2834 Ι
1623 2775 1799 2834 possim

106 2840 147 2879 Η
169 2837 186 2893 ΙΙ
208 2846 245 2884 Θ
268 2835 395 2880 fenix
420 2840 462 2879 Η
492 2836 650 2880 Publii
681 2835 872 2893 Virgilii
891 2835 1098 2881 Maronis
1123 2836 1263 2881 Dirae
1294 2837 1462 2881 finiunt
1492 2838 1578 2882 litt.
1609 2836 1796 2880 maiusc.

106 2895 199 2950 fere
228 2896 518 2940 subscribunt
548 2900 665 2939 BPT
706 2896 796 2951 (hic
825 2895 1028 2940 Maronis
1069 2897 1196 2952 om.);
1233 2900 1356 2941 caret
1393 2896 1724 2953 subscriptione
1753 2897 1800 2935 Π

1015 3005 1125 3009 -
1466 2984 1529 3028 6*
