1992 3238
761 144 838 191 VI.
878 147 1154 194 PRIAPEA.
1698 147 1802 199 161

117 277 390 348 Sanguine
423 278 558 331 haec
590 279 754 331 etiam
786 279 919 332 mihi
955 311 1017 319 -—
1055 283 1146 334 sed
1177 281 1425 335 tacebitis
1459 312 1521 318 —
1558 299 1709 334 arma
1749 292 1804 333 15

115 351 386 405 Barbatus
426 351 550 404 linit
586 351 824 405 hirculus
865 354 1176 422 cornipesue
1216 355 1442 423 capella.

116 425 223 478 Pro
263 425 383 494 quis
422 427 610 479 mutua
648 425 942 479 honoribus
980 444 1122 480 nunc
1159 446 1372 480 necesse
1409 428 1607 496 Priapo
1648 429 1732 480 est

14 509 23 521 ’·
115 497 402 551 Praestare
442 501 496 551 et
533 498 736 552 domini
772 498 1048 552 hor’nulum
1086 500 1402 568 uineamque
1440 501 1596 554 tucri.

118 570 293 634 Quare
332 572 483 641 hinc,
522 591 553 625 o
592 573 768 642 pueri,
806 573 977 626 malas
1017 573 1283 626 abstinete
1322 575 1553 642 rapinas.

116 644 344 698 Vicinus
382 663 552 714 prope
591 645 741 698 diues
783 649 866 698 est
901 646 1296 716 neglegensque
1336 646 1587 716 Priapus:
1747 660 1803 700 20

116 717 247 771 Inde
287 719 503 787 sumite,
542 719 735 772 semita
771 719 907 773 haec
946 720 1133 773 deinde
1171 738 1270 774 uos
1309 719 1449 773 feret
1485 720 1619 788 ipsa.

238 882 291 923 15
327 878 560 936 Sanguine
584 878 703 923 haec
729 879 795 923 Is.
831 878 1039 923 Vossius:
1073 879 1339 936 Sanguinea
1363 882 1394 921 0
1427 877 1661 935 Sanguine
1684 878 1804 922 hanc

120 963 176 970 —
210 951 339 982 aram
372 938 588 982 Muretus
614 938 621 994 1
649 939 697 982 et
727 941 760 979 B
793 937 941 982 eciam
973 942 1015 980 11
1042 940 1048 994 Ι
1074 938 1251 983 tacebis
1281 942 1321 980 R
1349 938 1366 994 ss
1399 942 1453 982 16
1483 937 1571 980 lini
1600 937 1804 980 hirculus

114 998 154 1038 Δ
193 995 280 1040 lini
315 996 513 1041 tirculus
551 999 593 1038 Η
638 995 725 1039 lini
762 995 936 1040 irculus
976 1000 1022 1039 Π
1066 996 1152 1040 lini
1196 997 1352 1042 hircus
1389 1001 1429 1039 B.
1478 998 1484 1051 Ι
1535 995 1805 1052 cornipesue

116 1056 277 1112 uulyo:
319 1056 624 1111 cornipesque
657 1059 687 1097 0
720 1057 1245 1113 (οοτηιιΞΞΞΡθεᾳιιθ,
1285 1057 1428 1100 erasis
1464 1055 1628 1099 litteris
1658 1068 1803 1110 usque

115 1115 424 1170 compendiose
446 1114 650 1170 scriptis,
680 1115 733 1170 B)
763 1116 769 1169 Ι
797 1115 980 1171 capella
1002 1119 1056 1157 B:
1090 1114 1270 1171 capelle
1291 1118 1316 1157 1
1346 1115 1412 1173 (-e
1435 1115 1491 1171 B)
1515 1115 1531 1170 u
1557 1118 1610 1158 17
1643 1114 1808 1158 mutua.

115 1173 302 1228 scripsi:
337 1173 492 1217 omnia
524 1176 555 1215 0
590 1172 822 1230 (omnibus
853 1174 915 1230 Π)
947 1173 1107 1218 munia
1136 1173 1436 1218 Buechelerus
1470 1176 1476 1226 Ι
1510 1186 1633 1216 nunc
1663 1172 1803 1217 idem:

115 1232 205 1275 hoc
242 1235 273 1274 0
313 1230 378 1275 sic
415 1231 471 1275 L.
514 1231 765 1276 Muellerus
813 1234 820 1288 Ι
867 1232 1035 1289 priapo
1074 1234 1145 1277 esi:
1182 1236 1235 1275 B:
1275 1232 1439 1289 priape
1477 1237 1501 1276 1
1540 1231 1706 1287 priapo
1740 1242 1767 1277 ς
1790 1230 1806 1288 Η

119 1295 174 1335 18
198 1290 436 1334 Prestaret
456 1295 502 1332 M
530 1290 584 1345 (ἃ
607 1303 836 1347 suprascr.
869 1293 928 1348 H)
957 1294 963 1346 Ι
989 1292 1175 1347 niueam
1198 1295 1241 1333 Η
1268 1292 1274 1347 Ι
1303 1304 1391 1346 que
1415 1304 1497 1335 om.
1523 1293 1557 1332 B
1585 1291 1590 1345 1
1618 1289 1806 1334 uincam

116 1349 352 1405 hortumq3
384 1352 468 1391 AB.
499 1348 513 1405 ss
547 1354 600 1393 19
633 1349 784 1394 malas
815 1353 919 1393 AB:
961 1350 1087 1394 mala
1116 1353 1202 1392 ΒΗ
1231 1350 1356 1394 male
1386 1354 1431 1392 Μ
1460 1350 1477 1405 ΙΙ
1506 1353 1563 1393 20
1596 1347 1805 1393 Vicimus

117 1411 203 1450 AR
247 1409 254 1463 ι
296 1408 426 1452 diues
465 1421 548 1452 om.
587 1411 672 1450 AB.
712 1410 718 1464 Ι
760 1408 1051 1466 negligensq;
1076 1412 1213 1452 Anu
1256 1410 1272 1466 ΙΙ
1313 1413 1368 1452 21
1403 1407 1593 1452 sumitate
1622 1412 1661 1450 R
1699 1407 1806 1452 sub·

116 1466 252 1511 mitte
284 1470 322 1509 Δ
364 1468 372 1523 1
415 1467 582 1512 semita
614 1480 661 1514 ςε
695 1467 910 1511 semitam
943 1471 974 1510 0
1011 1470 1017 1523 Ι
1055 1468 1112 1512 de
1144 1467 1193 1511 ἰῇ
1223 1471 1266 1510 Η

207 2934 326 2968 Ροιτ.
350 2941 442 2967 ΒΑΤ.
466 2942 554 2966 xm.
577 2934 628 2968 II.
1486 2938 1539 2978 11
